1913 2692
564 242 626 272 DE
661 240 997 273 SCRIPTORIBUS
1031 240 1194 270 SCOTIS.
1551 243 1590 271 25

180 340 238 368 tur
272 334 404 368 decimo
431 332 574 378 septimo
610 332 740 367 calend.
774 331 963 371 Februarii,
992 331 1027 365 in
1060 331 1141 366 villa
1173 342 1261 377 quae
1296 330 1429 365 Perona
1467 331 1591 364 dicitur

180 397 350 444 sepelitur,
368 408 459 431 anno
477 396 599 431 Christi
618 398 698 436 636,
718 401 884 442 regnante
901 396 937 430 in
955 395 1071 431 Scotia
1088 395 1246 430 Donaldo
1263 406 1354 441 rege.

632 539 695 574 DE
721 539 900 574 SANCTO
926 538 1129 574 FIACRIO.

178 653 211 687 S.
239 652 267 687 F
269 661 416 687 memus
446 649 620 691 confeffor,
650 651 702 686 vir
732 651 803 686 vita
831 650 1006 691 mirabilis,
1040 651 1076 686 in
1102 650 1424 698 septentrionalibus
1454 650 1588 685 Scotiae

178 716 333 762 partibus
373 715 546 755 oriundus,
581 714 638 750 sed
676 727 696 749 a
734 715 1005 761 propinquorum
1038 726 1121 749 cura
1157 713 1295 753 solutus,
1330 719 1365 748 et
1399 714 1501 749 seculi
1535 719 1589 748 tu-

178 780 289 815 multu
315 780 503 826 expedstus,
529 778 712 814 solitariam
737 779 878 825 cupiens
900 778 1006 813 vitam
1034 778 1168 818 ducere,
1190 782 1351 823 parentes
1373 777 1589 824 patriamque

179 844 327 890 reliquit,
361 849 397 878 et
430 844 517 878 duce
544 843 692 879 Domino
724 844 759 878 in
789 842 954 878 Franciae
982 847 1100 888 partes
1132 840 1300 888 pervenit,
1330 841 1389 875 ubi
1419 841 1452 876 S.
1483 841 1590 875 Phar—

179 919 280 942 onem
306 906 500 942 Meldorum
521 907 715 953 episcopum
740 906 867 953 petiit;
898 916 1010 951 quem,
1038 905 1118 939 cum
1146 904 1178 939 S.
1209 904 1363 939 Fiacrius
1389 916 1467 938 cum
1493 903 1590 938 sociis

180 970 420 1016 hospitalitatis
448 970 561 1016 gratia
589 968 790 1016 expetiiffet,
826 967 990 1015 pijffimus
1016 969 1132 1003 Pharo
1162 968 1322 1003 lubenter
1351 967 1504 1013 suscepit,
1536 968 1590 1001 cui

180 1034 389 1068 domicilium
418 1034 454 1068 in
484 1032 563 1068 filva
591 1033 757 1079 proxima,
788 1038 827 1067 ut
854 1033 960 1067 vitam
990 1032 1176 1068 solitariam
1206 1044 1285 1067 cum
1314 1032 1410 1066 sociis
1440 1032 1589 1077 degeret,

180 1097 392 1137 construxit3
430 1098 488 1132 ubi
521 1096 653 1132 tranfiit
689 1098 733 1132 ad
765 1097 891 1144 gaudia
935 1097 1090 1132 caelestia
1127 1097 1259 1132 decimo
1302 1096 1423 1143 quinto
1462 1096 1590 1131 calend.

180 1162 352 1207 Septemb.
370 1173 460 1196 anno
478 1161 617 1197 Domini
636 1162 716 1199 622,
734 1167 901 1208 regnante
919 1162 954 1196 in
973 1161 1089 1197 Scotia
1106 1161 1300 1197 Ferchardo
1319 1174 1408 1208 rege.

600 1305 663 1339 DE
689 1304 869 1340 SANCTO
895 1305 1175 1341 LAURENTIO.

182 1419 348 1454 SANCTUS
379 1418 628 1457 LAURENTms,
655 1417 940 1464 Archiepiscopus
965 1418 1203 1459 Dublinienfis‚
1231 1419 1265 1453 in
1295 1419 1379 1453 lona
1404 1417 1512 1452 insula
1538 1429 1596 1451 nae

183 1489 238 1518 tus
274 1495 316 1517 ex
349 1482 450 1517 claris
482 1482 654 1517 natalibus
682 1488 717 1517 et
747 1483 788 1517 de
819 1482 925 1517 nobili
954 1482 1119 1529 prosapia,
1149 1482 1215 1517 fuit
1249 1494 1312 1529 per
1338 1481 1596 1517 matrimonium

184 1548 273 1593 regis
303 1547 489 1581 Hiberniae
526 1546 816 1593 consanguineus;
850 1547 885 1581 in
914 1546 1011 1582 bonis
1041 1547 1149 1582 literis
1176 1552 1211 1582 et
1238 1547 1391 1582 moribus
1421 1546 1455 1581 in
1485 1546 1597 1592 pueri-

183 1612 231 1646 tia
261 1611 397 1657 egregie
427 1610 599 1650 educatus,
631 1610 739 1645 donec
768 1611 803 1645 in
837 1610 1064 1646 adolescentia
1098 1611 1232 1646 cul-siun
1262 1608 1533 1658 philosophicum
1563 1616 1596 1644 et

185 1676 416 1721 theologicum
451 1673 649 1710 absolviffet.
718 1675 838 1711 Postea
876 1675 1001 1710 accidit
1040 1681 1079 1710 ut
1120 1676 1156 1710 in
1196 1676 1399 1712 Hiberniam
1435 1675 1597 1710 transfre-

186 1747 285 1777 taret,
322 1740 380 1773 ubi
414 1750 475 1784 per
508 1739 543 1772 id
576 1744 712 1785 tempus
751 1739 1017 1774 Glindalacenfis
1055 1739 1230 1786 episcopus
1273 1740 1364 1774 vitae
1406 1739 1497 1774 diem
1541 1751 1598 1773 ex-

187 1812 337 1838 tremum
371 1802 546 1841 clauserat,
585 1802 743 1849 sedesque
782 1802 987 1838 cathedraliS
1026 1803 1097 1849 ejus
1139 1803 1235 1838 obitu
1278 1809 1423 1843 vacaret,
1458 1804 1494 1837 in
1527 1803 1598 1848 ejus

187 1875 302 1903 tamen
337 1868 411 1901 loco
441 1867 616 1913 episcopus
651 1867 725 1902 fieri
760 1867 952 1907 recusavit3
992 1867 1115 1902 deinde
1152 1868 1256 1914 paulo
1289 1868 1361 1914 post
1396 1867 1521 1903 accidit
1560 1873 1597 1901 ut

188 1932 356 1977 Georgius
376 1930 648 1977 archiepiscopus
663 1931 892 1967 Dublinienfis
909 1944 952 1966 ex
973 1932 1037 1967 hac
1059 1931 1130 1967 vita
1152 1933 1404 1979 commigraret.
1450 1933 1533 1978 Ejus
1550 1932 1598 1966 se-

189 1997 230 2030 de
254 2001 407 2035 vacante,
432 1995 595 2041 permulti
615 1995 802 2031 ambitione
831 1995 969 2037 caecati,
993 1997 1128 2043 generis
1155 1997 1335 2032 nobilitate
1358 2003 1393 2032 et
1420 1997 1597 2032 literarum

188 2060 326 2095 scientia
355 2065 536 2100 tumentes,
567 2059 688 2107 dignos
717 2060 750 2095 se
780 2060 838 2095 illo
872 2059 1067 2107 praesulatu
1097 2061 1357 2101 existimabant;
1385 2061 1441 2096 sed
1472 2072 1529 2096 eos
1559 2066 1597 2094 ut

189 2126 361 2171 improbos
397 2124 529 2171 depulit
569 2125 737 2160 Dominus
774 2125 819 2160 ab
855 2125 996 2165 honore,
1032 2126 1157 2172 quippe
1192 2127 1251 2172 qui
1284 2126 1437 2172 superbis
1471 2125 1597 2164 resistit,

189 2189 308 2223 humili
336 2194 453 2224 autem
483 2194 518 2223 et
547 2188 724 2224 mansueto
752 2188 937 2224 Laurentio
969 2190 1061 2235 apud
1090 2190 1262 2226 electores
1295 2196 1428 2226 tantam
1460 2189 1598 2225 concili-

190 2253 259 2287 avit
288 2253 444 2299 gratiam,
476 2258 514 2287 ut
543 2264 621 2287 cum
656 2253 697 2287 de
732 2252 889 2299 eligendo
923 2253 1054 2299 pastore
1086 2254 1306 2294 tractaretur,
1337 2255 1447 2289 subito
1481 2253 1599 2288 affiatu

191 2317 336 2363 Spiritus
365 2318 482 2352 Sancti
513 2317 717 2352 Laurentius
747 2317 958 2363 elige1·etur;
995 2329 1142 2365 namque
1179 2325 1213 2354 et
1242 2320 1377 2366 generis
1412 2318 1599 2353 nobilitate.

1437 2379 1456 2401 Ε
