1913 2692
262 253 300 280 10
742 250 803 279 DE
828 248 1160 281 SCRIPTORIBUS
1185 247 1346 278 SCOTIS.

409 342 537 376 Contra
556 341 728 375 Articulos
745 340 896 379 Wiclevi,
915 341 971 375 lib.
991 351 1013 374 1.

266 406 398 441 Floruit
428 417 518 440 anno
547 404 720 439 Incarnati
746 404 851 438 Verbi
881 405 983 443 1370,
1011 404 1093 438 dum
1128 415 1272 449 regnum
1302 401 1436 437 Scotiae
1465 402 1671 448 gubernaret

266 471 377 507 David
394 482 454 505 rex
472 469 656 504 Secundus.

711 611 774 646 DE
800 611 964 645 THOMA
990 609 1225 643 BRUNAEO.

268 728 421 761 THOMAs
439 725 643 759 BRUNAEUS
672 723 803 761 Scotus,
834 722 877 756 ad
901 721 1103 756 Dunbarum
1132 726 1240 759 natus,
1271 720 1384 766 postea
1408 720 1443 753 in
1469 719 1595 766 Anglia
1620 720 1678 753 diu

268 794 505 828 commoratus,
535 788 684 822 maxime
719 785 873 825 Londini,
915 797 977 831 per
1014 796 1132 818 omnes
1168 783 1348 817 literarum
1384 782 1510 828 gradus
1542 782 1678 821 Oxouii,

270 854 391 889 deinde
412 851 546 887 Parisiis
578 850 833 885 conscendebat
859 849 902 883 ad
928 848 1154 882 imitationem
1191 847 1337 882 Joannis
1362 846 1465 886 Scoti‚
1495 846 1602 881 donec
1635 846 1679 881 ad

271 918 460 964 supremam
489 917 523 950 in
550 914 723 960 theologia
753 914 905 948 lauream
930 912 1179 947 conscenderet.
1231 911 1383 946 Tandem
1413 923 1455 945 ex
1481 911 1594 946 Gallia
1619 923 1679 956 per

271 982 431 1028 Angliam
465 982 500 1013 in
536 979 686 1014 Scotiam
730 978 795 1012 iter
831 977 984 1016 tendens,
1029 977 1072 1010 ab
1114 974 1360 1009 Oxonienfibus
1403 974 1447 1009 ad
1486 974 1678 1020 theologiae

271 1045 441 1090 publicam
483 1041 718 1089 professionem
759 1039 999 1086 suscipiendam
1038 1039 1083 1074 est
1126 1044 1274 1078 vocatus,
1310 1039 1402 1084 quod
1440 1050 1565 1073 munus
1601 1050 1679 1072 cum

271 1119 396 1154 magno
433 1107 627 1142 auditorum
666 1103 828 1150 applausu
861 1108 896 1137 et
927 1103 1172 1148 approbatione
1202 1102 1318 1137 obivit.
1370 1102 1528 1141 Demum,
1559 1102 1681 1136 relic'la

272 1170 479 1217 professione.
507 1171 550 1204 ad
580 1169 770 1215 Collegium
795 1166 1068 1206 Carmelitarum,
1099 1167 1157 1201 ubi
1183 1172 1263 1201 ante
1294 1166 1430 1206 studuit,
1456 1166 1561 1206 adiit;
1595 1166 1680 1200 adeo

273 1237 327 1283 pie
360 1235 506 1270 modeste
549 1239 583 1268 et
612 1232 721 1267 sobrie
750 1232 798 1266 ibi
833 1231 928 1270 vixit,
954 1235 993 1264 ut
1030 1229 1171 1264 tandem
1199 1229 1333 1275 praeses
1374 1229 1591 1275 provincialis
1633 1228 1681 1262 sui

273 1299 401 1334 ordinis
418 1298 609 1333 declaratus
625 1296 673 1331 fit.
725 1296 820 1330 Haec
850 1307 937 1341 quae
955 1294 1143 1340 sequuntur
1167 1293 1291 1339 scripta
1316 1293 1504 1339 posteritati
1521 1292 1680 1338 reliquit:

418 1362 582 1396 Lasturas
599 1359 813 1405 Theologiae,
831 1358 888 1392 lib.
907 1368 944 1391 Π.

418 1424 621 1460 Encomium
639 1423 672 1457 S.
691 1422 897 1468 Scripturae,
916 1421 972 1455 lib.
992 1432 1014 1455 1.

419 1490 460 1523 In
477 1488 661 1534 Epistolam
678 1486 779 1521 Pauli
795 1486 839 1520 ad
856 1486 1039 1525 Romanos,
1057 1485 1113 1520 lib.
1132 1496 1154 1519 Ι.

421 1555 461 1587 In
478 1551 701 1598 Prophetiam
718 1549 920 1584 Hieronimi.

421 1617 542 1651 Varios
559 1616 741 1650 Sermones
758 1614 800 1648 de
818 1614 994 1659 Tempore,
1012 1613 1068 1647 lib.
1088 1623 1125 1646 Η.

421 1679 641 1721 Quaestiones
657 1678 776 1717 varias5
794 1678 851 1711 lib.
870 1688 908 1711 11.

279 1746 426 1780 Demum
444 1743 589 1778 Londini
617 1743 653 1777 in
681 1741 740 1776 suo
769 1741 933 1776 coenobio
959 1740 1065 1774 vitam
1095 1751 1172 1773 cum
1202 1744 1313 1773 morte
1348 1739 1569 1774 eommutaw‘t
1596 1752 1685 1774 anno

282 1810 383 1846 1380,
401 1811 566 1852 regnante
584 1806 738 1840 Roberto
755 1804 901 1839 secundo
919 1804 990 1849 ejus
1007 1802 1154 1837 nominis
1170 1803 1205 1836 in
1224 1802 1347 1837 Scotia.

672 1947 735 1981 DE
761 1946 981 1981 ROBERTO
1008 1945 1292 1980 HAMILTONO.

282 2062 480 2096 ROBERTUS
510 2059 766 2098 HAMnxrorqu9
794 2070 837 2093 ex
866 2058 984 2092 illustri
1002 2063 1036 2092 et
1066 2057 1171 2092 nobili
1199 2057 1477 2092 Hamiltonorum
1502 2057 1631 2092 familia
1656 2058 1690 2092 in

283 2125 398 2160 Scotia
427 2123 599 2163 oriundus,
639 2122 919 2158 Praedicatorum
951 2122 984 2156 S.
1015 2121 1187 2156 Dominici
1230 2121 1266 2155 in
1313 2121 1477 2155 coenobio
1513 2120 1691 2156 Passetenfi

282 2187 478 2227 monachus,
515 2186 629 2232 postea
655 2186 691 2220 in
729 2185 858 2220 Gallias
894 2185 1139 2225 transfretavit,
1169 2184 1229 2219 ubi
1274 2184 1333 2218 diu
1369 2195 1447 2218 cum
1490 2184 1693 2219 Sorbonistis

285 2250 483 2286 dofitoribus
518 2251 553 2284 in
589 2249 774 2284 Academia
811 2248 983 2283 Parifienfi
1010 2261 1149 2295 operam
1177 2248 1370 2294 theologiae
1395 2248 1542 2283 navavit.
1593 2248 1693 2283 Unde

285 2308 398 2362 postea
414 2314 546 2360 scriptis
562 2313 735 2353 commisit,
