1996 2785
846 254 865 272 V

148 355 225 379 uon
262 354 387 392 pauca
422 338 690 390 interpolavit,
722 343 760 375 et
797 336 993 374 dictiones
1028 335 1171 385 passim
1209 333 1462 371 immutavit:
1499 347 1559 370 res

148 408 305 458 pessimi
328 421 420 445 sane
442 404 627 456 exempli,
650 418 722 442 nec
743 403 827 441 sine
848 402 1021 440 censoris
1043 407 1136 439 nota
1159 400 1424 438 admittenda.

201 474 277 512 Sed
299 476 383 525 jam
415 474 622 512 redeamus
652 472 702 509 ad
731 470 852 508 libros
882 470 932 507 de
961 469 1230 520 Scriptoribus
1261 468 1397 512 Scotis,
1427 467 1561 504 hacte-

148 555 223 579 nus
254 542 293 578 in
316 540 569 579 bibliothecis
592 537 966 589 Edinburgensium
987 536 1171 574 latentes.
1234 534 1415 580 Lelandi,
1438 533 1561 578 Balei‚

151 608 462 660 Dempsterique
484 607 652 658 vestigia
682 606 764 644 fere
793 604 1061 656 persequitur,
1083 609 1123 641 et
1144 603 1304 641 inanem
1335 602 1563 654 saepissime

148 675 300 726 patriae
334 674 502 726 gloriam
533 680 692 726 captat:
733 672 896 711 Coelius
929 670 1126 717 Sedulius,
1160 671 1352 709 Rabanus
1382 669 1563 712 Maurus,

148 742 325 780 Joannes
356 743 543 793 Erigena,
576 742 785 780 Marianus
815 741 966 785 Scotus,
997 744 1093 777 sunt
1125 752 1263 776 omnes
1293 738 1399 776 inter
1428 738 1564 775 scotos

150 816 305 847 nostros
340 809 466 847 relati.
537 809 739 847 Robertus
772 807 867 846 item
903 805 1177 857 LanglandUS‚
1214 805 1381 856 insignis
1416 803 1565 855 Anglo-

151 890 239 914 rum
279 882 408 928 poeta,
458 882 560 914 teste
600 875 860 919 Buchanano,
900 873 1063 911 natione
1104 872 1183 909 fuit
1221 873 1372 917 Scotus,
1421 876 1440 892 “
1461 871 1566 908 inter

150 943 365 981 monachos
406 942 692 981 Benedictinos
732 942 928 980 educatus
967 940 1009 977 in
1048 939 1210 977 civitate
1252 938 1565 976 Aberdonensi.'’

152 1011 276 1048 Amor
305 1010 457 1062 patriae
488 1010 716 1048 laudandus
737 1014 807 1054 est,
837 1008 906 1046 sed
927 1020 1015 1045 acre
1045 1007 1340 1057 subactumque
1365 1005 1566 1057 judicium

151 1078 434 1116 desideramus.
494 1078 615 1115 Ratio
647 1083 876 1128 temporum
911 1088 1028 1126 saepe
1066 1072 1250 1125 neglecta
1283 1079 1353 1118 est,
1388 1073 1487 1110 adeo
1521 1078 1567 1109 ut

151 1146 249 1183 ordo
269 1146 471 1197 seriesque
492 1158 633 1196 regum
653 1145 875 1189 Scotorum,
896 1155 1070 1194 quorum
1091 1141 1142 1179 ad
1162 1146 1336 1179 aetatem
1357 1140 1570 1192 scriptores

152 1226 243 1251 suos
264 1213 397 1258 refert,
432 1212 654 1251 identidem
675 1212 726 1250 sit
756 1212 929 1249 turbata.
986 1208 1124 1260 Stylus
1153 1222 1234 1246 non
1256 1207 1407 1259 ubique
1437 1221 1569 1258 comp-

154 1286 219 1318 tus
249 1286 289 1318 et
319 1279 445 1318 facilis
480 1286 550 1325 est,
582 1293 655 1317 nec
684 1278 845 1317 dicendi
878 1290 1006 1329 genus
1035 1276 1130 1314 satis
1152 1275 1358 1313 Latinum.
1417 1274 1568 1312 Verum

155 1348 358 1386 enimvero
393 1353 566 1398 uterque
604 1346 706 1384 liber
745 1346 907 1384 indocta
941 1357 1064 1382 manu
1100 1348 1160 1381 est
1199 1342 1433 1394 exscriptus,
1467 1340 1571 1379 mul-

156 1415 289 1466 tisque
323 1415 364 1453 in
400 1414 496 1453 locis
532 1413 636 1452 male
669 1414 844 1452 habitus.
912 1411 1038 1449 Haud
1069 1423 1197 1462 pauca
1237 1408 1488 1448 restituimus
1523 1422 1573 1446 ex

157 1481 395 1527 Trithemio‚
426 1481 560 1527 Baleo,
592 1481 775 1526 Boethio,
806 1478 982 1524 Leslaeo,
1012 1477 1193 1529 aliisque,
1224 1490 1397 1528 quorum
1428 1476 1571 1514 scrinia

158 1548 400 1601 compilavit.
461 1549 642 1586 Primum
679 1548 826 1586 codicis
859 1546 978 1598 primi
1011 1544 1155 1583 folium
1186 1550 1249 1583 est
1280 1544 1423 1582 leviter
1452 1544 1574 1581 muti-

158 1617 300 1661 latum,
337 1622 379 1654 et
414 1617 533 1654 verba
573 1615 771 1667 quaedam
812 1629 861 1653 ex
899 1612 1077 1652 Sibbaldi
1117 1611 1348 1664 apographo
1386 1611 1572 1649 restituta

159 1690 266 1722 sunt.
326 1683 436 1721 Hinc
465 1683 644 1721 manavit
675 1684 845 1727 νηπιοδυτα,
877 1694 953 1718 vox
984 1678 1113 1725 nihili,
1143 1693 1216 1731 pro
1246 1692 1327 1730 qua
1356 1678 1574 1730 legendum

160 1765 301 1789 censeo
331 1755 515 1799 νηπιόφξουα,
546 1751 588 1788 id
608 1756 677 1795 est,
708 1748 853 1801 puerili
882 1747 1113 1786 innocentia
1138 1746 1379 1798 praeditum.
1436 1746 1576 1784 Codex

163 1831 284 1856 unam
333 1817 618 1855 tantummodo
667 1816 860 1868 syllabam
900 1815 1089 1860 ostendit,
1128 1830 1166 1854 νη.
1246 1814 1347 1852 Mox
1395 1812 1576 1864 legimus,

161 1892 180 1907 ‘⁵
201 1899 308 1923 anno
338 1884 514 1922 secundo
548 1890 638 1935 post
657 1883 809 1922 bellum
840 1882 944 1920 illud
964 1882 1014 1920 de
1034 1880 1123 1920 Cul.
1151 1881 1293 1919 aetatis
1315 1894 1409 1919 suae
1435 1883 1576 1925 anno‚''

163 1960 202 1991 et
237 1966 341 2003 quae
380 1957 618 2002 sequuntur.
687 1951 751 1989 Ex
785 1949 1015 1988 Adomnani
1050 1949 1146 1988 Vita
1180 1947 1413 1994 Columbae,
1447 1947 1515 1986 lib.
1552 1948 1576 1985 i.

165 2034 247 2072 cap.
269 2019 333 2057 vii.
366 2017 642 2070 supplevimus
661 2016 932 2056 Culeclrebene.

218 2087 284 2124 Ad
317 2085 464 2124 calcem
499 2085 646 2123 codicis
681 2085 896 2123 academici
931 2090 992 2122 est
1029 2089 1049 2106 ‘⁶
1068 2083 1286 2135 Appendix
1320 2083 1577 2134 quorundam

164 2154 412 2206 Scriptorum
448 2158 607 2191 nostrae
643 2151 840 2198 Nationis,
880 2152 930 2190 de
965 2151 1113 2203 quibus
1152 2150 1355 2202 plerisque
1389 2164 1507 2203 parca
1539 2162 1580 2190 et

162 2223 303 2274 jejuna
332 2221 441 2273 apud
460 2220 669 2258 historicos
698 2219 851 2257 mentio
877 2218 1087 2271 reperitur,
1117 2224 1158 2256 et
1177 2231 1352 2269 quorum
1373 2218 1435 2257 vel
1461 2233 1580 2271 opera

167 2302 269 2341 quae
299 2288 554 2340 scripserunt,
584 2286 647 2326 vel
668 2285 785 2325 aliter
814 2299 917 2338 quae
938 2286 979 2324 in
1010 2299 1052 2324 re
1073 2284 1249 2324 literaria
1278 2286 1579 2337 praestiterunt,
