1913 2692
251 221 292 258 78
645 219 707 249 DE
743 218 1075 250 SCRIPTORIBUS
1110 218 1271 248 SCOTIS.

254 312 365 346 nostro
399 311 441 345 de
473 310 704 356 Scriptoribus
737 310 868 344 nostrae
902 309 1032 349 Gentis,
1062 316 1180 355 aperte
1210 315 1244 343 et
1273 308 1425 347 candide,
1456 307 1531 341 luce
1565 307 1665 342 meri-

255 376 355 410 diana
385 375 517 414 clarius,
548 374 640 408 haud
670 373 852 408 difficulter
881 373 1192 408 demonstrabimus.
1245 379 1262 391 *⁶
1278 373 1378 407 Hunc
1405 372 1586 418 puellum‚’'
1618 372 1667 405 ita

240 440 346 473 -enim
380 440 532 485 loquitur
564 438 716 472 Joannes
744 437 854 483 Major
883 437 918 470 in
948 437 1005 471 lib.
1036 448 1086 471 IV.
1120 443 1155 472 et
1188 450 1259 483 cap.
1295 447 1373 471 XVI.
1408 437 1450 470 de
1485 436 1665 470 Scotorum

256 503 373 542 Gestis,
410 509 428 521 ‘⁶
442 503 477 536 in
506 501 738 548 grammaticis
770 500 944 534 initiatum
978 500 1021 534 ad
1056 500 1225 534 Oxoniam
1256 500 1323 533 duo
1360 500 1484 534 fratres
1517 499 1668 533 Minores

258 567 351 601 Scoti
386 567 567 603 duxerunt,
600 564 680 610 quia
712 569 867 608 tempore
900 563 960 596 illo
994 563 1029 596 in
1064 563 1179 597 Scotia
1212 563 1306 597 nulla
1339 569 1413 597 erat
1447 561 1665 597 universitas:

258 636 291 664 et
330 630 364 663 in
406 629 580 663 Minorum
615 633 785 662 conventu
825 626 932 673 gratis
973 626 1111 660 istorum
1146 626 1291 660 duorum
1331 626 1477 660 fratrum
1515 626 1668 660 Oxoniae

259 693 475 728 conversatus
508 692 600 726 beati
638 690 808 725 Francisci
842 690 1044 736 religionem
1078 688 1241 735 professus
1274 689 1320 723 est
1338 692 1365 727 ·,”
1398 695 1434 723 et
1463 689 1590 723 ibidem
1625 689 1670 723 est

259 761 399 791 vocatus
424 767 445 790 a
472 755 636 789 fratribus
661 754 704 788 ad
729 753 922 799 theologiae
948 751 1193 799 p1·ofefl'=onem.
1257 752 1313 787 Sic
1339 753 1493 787 Oxoniae
1518 753 1670 798 profecit,

260 826 299 855 ut
340 820 375 854 in
416 817 646 864 metaphysica
685 823 719 852 et
758 818 794 851 in
834 822 981 863 quatuor
1015 816 1271 851 Sententiarum
1312 816 1417 850 libros
1450 821 1673 850 monumenta

261 884 408 918 lestionc:
433 883 536 928 digna
561 882 700 928 posteris
725 880 912 926 reliquerit,
937 881 1028 926 quod
1054 879 1216 926 scriptum
1242 892 1326 926 opus
1352 880 1580 925 Anglicanum
1606 878 1672 912 five

262 946 452 981 Oxoniense
478 946 580 992 vulgo
610 945 744 979 dicitur.
794 944 914 978 Postea
944 956 964 978 a
993 944 1156 979 fratribus
1189 944 1406 979 Minoritanis
1436 943 1673 978 Parifienfibus

264 1016 411 1050 vocatus,
442 1011 485 1044 ab
513 1009 641 1043 ordinis
667 1007 818 1054 generali
848 1006 1017 1042 Gonsalvo
1052 1008 1190 1043 Tolosae
1220 1009 1254 1042 in
1289 1008 1439 1054 capitulo
1475 1007 1676 1042 constitutus

265 1087 387 1121 regens
429 1074 485 1108 seu
529 1071 691 1118 professor
733 1070 956 1111 Parilienlis;
1000 1072 1057 1105 ubi
1098 1072 1140 1106 de
1181 1084 1268 1106 novo
1308 1071 1501 1117 theologiae
1541 1070 1675 1105 cursum

265 1139 389 1177 docuit,
424 1142 528 1182 atque
562 1136 689 1169 ibidem
723 1134 893 1169 lefturam
926 1134 1028 1168 aliam
1062 1136 1097 1169 in
1133 1135 1336 1174 Sententias,
1372 1135 1485 1180 priore
1523 1140 1677 1169 contrac-

266 1204 389 1237 tiorem
423 1208 458 1235 et
488 1201 596 1246 magis
625 1199 833 1245 frugiferam,
864 1198 979 1232 edidit.
1046 1199 1161 1233 Tertio
1194 1200 1334 1234 tandem
1364 1198 1525 1233 Coloniae
1555 1198 1678 1244 Agrip—

268 1268 366 1313 pinae
393 1267 484 1300 idem
514 1263 680 1311 praestitit
709 1262 900 1297 incredibili
930 1274 1008 1296 cum
1037 1263 1233 1298 auditorum
1266 1262 1438 1309 applausu,
1468 1262 1677 1307 theologiam

268 1331 430 1377 siquidem
464 1328 693 1364 scholasticam
726 1327 844 1361 multis
877 1326 1121 1361 subtilitatibus
1161 1325 1334 1372 exquisitis
1366 1325 1472 1360 auxit.
1548 1325 1610 1359 Vir
1644 1326 1678 1359 in

270 1395 392 1429 divinis
420 1392 606 1439 Scripturis
636 1390 799 1426 studiosus
827 1396 861 1424 et
893 1390 1055 1429 eruditus,
1087 1394 1121 1423 et
1157 1390 1191 1423 in
1225 1388 1437 1435 philosophia
1467 1388 1680 1422 Aristotelica

270 1457 487 1497 doe'tiflimus,
513 1462 616 1502 atque
645 1456 730 1489 adeo
756 1454 954 1500 profundus⁷
981 1459 1019 1488 ut
1048 1454 1119 1499 ejus
1145 1453 1269 1498 scripta
1293 1452 1411 1498 paucis
1435 1451 1498 1486 sint
1523 1457 1680 1497 penetra-

271 1523 360 1560 bilia,
384 1527 419 1557 et
444 1523 487 1556 ob
516 1521 551 1554 id
578 1531 713 1565 quoque
737 1518 850 1552 minus
877 1517 1007 1552 usitata.
1054 1517 1184 1550 Ferunt
1211 1516 1307 1550 illum
1332 1516 1422 1550 diem
1450 1515 1621 1561 integrum
1646 1521 1680 1549 et

270 1586 416 1632 amplius
448 1583 563 1619 sediffe
596 1582 709 1629 sopitis
738 1581 893 1616 senfibus.
960 1580 1027 1621 Qui
1055 1586 1170 1614 autem
1197 1579 1399 1625 quaestionis
1427 1578 1569 1624 alicujus
1603 1579 1680 1612 inti-

271 1662 362 1685 mam
392 1649 560 1683 rationem
585 1648 629 1681 ad
657 1647 772 1680 vivum
801 1645 953 1679 resecant
979 1656 1018 1678 ac
1044 1643 1200 1678 subtilius
1226 1642 1491 1688 perscrutantur,
1520 1642 1680 1676 Scotistae

271 1714 401 1748 summa
427 1712 516 1746 tanti
545 1710 672 1756 ingenii
699 1709 800 1743 laude
829 1712 1019 1744 vocantur:
1049 1707 1140 1753 quafi
1168 1706 1253 1741 nihil
1282 1706 1322 1740 fit
1353 1706 1387 1740 in
1417 1711 1514 1740 tanta
1540 1705 1682 1740 difficul-

273 1783 345 1812 tate
387 1775 621 1820 inter-septum,
664 1778 724 1807 aut
765 1777 837 1806 tam
878 1770 979 1804 densa
1022 1771 1165 1817 caligine
1211 1770 1413 1809 involutum,
1456 1770 1546 1815 quod
1589 1769 1681 1804 Scoti

273 1840 447 1887 ingenium
481 1851 549 1872 non
585 1842 745 1883 potuerat
783 1835 919 1881 penitus
957 1835 1119 1880 inspicere
1156 1846 1195 1868 ae
1234 1833 1325 1868 clare
1360 1832 1502 1879 aperire.
1554 1832 1682 1866 Verum

274 1904 447 1939 enimvero
475 1900 750 1948 quandoquidem
781 1899 883 1945 hujus
913 1898 975 1931 viri
1006 1897 1197 1931 encomium
1227 1896 1355 1930 mundo
1385 1895 1586 1942 patefacere,
1614 1908 1681 1929 non

277 1968 369 2003 aliud
395 1966 476 2001 esset
506 1977 609 2011 quam
639 1964 698 1998 soli
729 1963 840 1997 lucem
867 1962 1053 2000 foenerare,
1083 1960 1169 1995 ficco
1196 1966 1333 1995 tantum
1367 1960 1452 2005 pede
1479 1959 1550 2004 ejus
1581 1970 1684 2004 opera

277 2030 561 2078 pertransibimus,
596 2038 765 2062 memores
798 2026 881 2060 alias
914 2025 1011 2059 nobis
1044 2026 1128 2059 haec
1161 2024 1262 2059 fufius
1291 2030 1326 2058 et
1355 2023 1488 2069 plenius
1521 2022 1681 2057 enarrari.

278 2095 414 2141 Scripsit

423 2158 533 2202 Super
553 2154 756 2192 Sententias,
774 2153 831 2187 lib.
851 2163 900 2186 IV.

423 2221 463 2254 In
480 2217 744 2264 Metaphyficam
761 2216 989 2257 Quaestiones,
1008 2214 1064 2248 lib.
1082 2224 1148 2248 xu.

425 2283 465 2316 In
484 2280 673 2315 Aristotelis
691 2278 839 2324 Physica,
858 2278 914 2313 lib.
932 2287 1013 2312 vm.
