1913 2692
256 212 297 242 56
519 200 523 203 ’
655 211 717 240 DE
751 209 1098 241 SCRIPTOmBUs
1131 208 1296 238 scorls.

399 302 451 336 De
470 300 633 336 Paschate
651 301 814 347 legitimo.

400 364 566 410 Epistolas
583 376 718 410 quoque
737 364 852 404 edidit,
871 369 905 399 et
923 365 998 399 alia.

258 428 465 474 Martyrium
494 440 572 462 eum
602 428 698 462 sociis
724 427 836 474 pafl'us
865 428 911 462 est
936 441 1027 463 anno
1055 429 1226 462 humanae
1253 426 1368 461 salutis
1396 428 1475 465 689,
1503 431 1668 472 regnante

257 492 411 538 Eugenio
430 492 544 526 Sexto.

661 634 724 668 DE
750 633 1018 668 ADAMANNO
1044 633 1258 669 COLUDIO.

259 748 498 782 ADAMANNUS
525 746 721 786 Commms,
749 746 888 781 natione
914 747 1046 785 Scotus,
1077 744 1252 791 prelbyter
1277 749 1312 778 et
1341 745 1446 779 abbas
1476 746 1667 780 monasterii

257 809 409 850 Huenfis,
440 810 532 855 quod
562 810 596 843 S.
630 809 864 844 Columbanus
898 809 1071 854 quondam
1104 807 1291 842 construxit
1320 808 1356 842 in
1386 807 1494 842 insula
1523 808 1667 848 Scotiae,

255 873 529 920 congregationis
568 872 835 908 Banoehorenfis
870 874 1058 907 monachus
1094 872 1223 908 ordinis
1258 872 1440 918 apostolici,
1475 873 1667 907 monasterii

256 937 575 977 sanetimonialium,
610 942 649 971 ut
684 937 788 970 habet
823 936 1039 976 Trithemius,
1073 936 1108 970 in
1141 935 1276 981 Anglia,
1312 936 1403 981 quod
1437 936 1557 970 Colodi
1587 937 1668 971 urbs

255 1001 388 1041 dicitur,
416 1000 646 1047 praepofitus;
669 1001 758 1035 alter
783 1001 826 1034 ab
850 1001 1054 1035 Adamnano
1079 1000 1137 1046 qui
1164 1000 1378 1045 Ferquhardi
1406 1000 1553 1034 Secundi
1579 1001 1668 1047 regis

254 1065 438 1104 familiaris,
462 1065 608 1111 Eugenii
632 1064 728 1099 Sexti
752 1063 842 1110 regis
868 1069 1079 1110 praeceptor,
1103 1064 1233 1098 amicus
1253 1064 1390 1103 Brudei‚
1414 1064 1593 1099 Pffitorum
1615 1076 1668 1099 re-

254 1129 315 1174 gis,
339 1128 448 1163 socius
468 1128 501 1163 S.
528 1128 733 1167 Cuthberti;
759 1128 855 1174 cujus
880 1128 993 1162 sacrae
1019 1128 1184 1173 reliquiae
1211 1127 1245 1161 in
1269 1127 1424 1162 Moravia
1455 1126 1667 1163 affervaban-

255 1198 321 1226 tur.
376 1192 445 1227 Sed
470 1193 526 1227 1110
551 1194 733 1228 Scotorum
755 1193 930 1239 episcopus
955 1198 990 1227 et
1016 1191 1284 1226 Northumbriae
1309 1192 1477 1237 apostolus
1499 1204 1519 1226 a
1540 1193 1667 1227 teneris

253 1256 351 1290 annis
383 1257 509 1290 bonam
538 1256 697 1296 indolem,
729 1261 764 1290 et
794 1256 969 1302 ingenium
996 1256 1040 1290 ad
1073 1256 1238 1302 pietatem
1267 1254 1437 1301 bonasque
1465 1256 1574 1290 literis
1607 1268 1667 1302 op-

253 1319 337 1354 time
374 1320 570 1361 formatum,
613 1320 766 1355 ostendit.
837 1320 922 1354 Erat
956 1319 1113 1354 acumine
1150 1319 1290 1358 subtilis,
1328 1319 1480 1353 mom’bus
1515 1319 1667 1365 antiquis

254 1384 399 1425 illustris,
417 1396 458 1419 00
474 1384 639 1419 orationis
659 1384 822 1420 suavitate
840 1382 1047 1430 perinsignis.
1091 1387 1109 1400 “
1123 1381 1213 1421 Vir‚”
1231 1381 1343 1428 inquit
1362 1382 1578 1423 Trithemius,
1602 1389 1621 1402 ‘⁶
1632 1383 1666 1418 in

254 1447 376 1482 divinis
400 1447 586 1493 Scripturis
610 1447 709 1482 valde
736 1446 899 1481 studiosus
927 1452 961 1481 et
989 1445 1153 1485 eruditus,
1180 1444 1382 1480 secularium
1410 1458 1546 1492 quoque
1573 1447 1667 1482 liter-

253 1522 351 1546 arum
381 1523 450 1545 non
479 1511 627 1557 ignarus,
655 1510 793 1556 ingenio
817 1515 947 1549 cautus,
973 1514 1009 1544 et
1034 1509 1143 1543 dulcis
1167 1509 1312 1554 eloquio,
1339 1509 1410 1544 vita
1435 1515 1470 1545 et
1492 1511 1666 1546 conversa-

252 1575 346 1609 tione
376 1574 580 1620 praeclarus,
606 1585 675 1608 non
706 1573 772 1607 fine
800 1573 960 1619 opinione
987 1572 1186 1611 sanetitatis,
1212 1577 1311 1618 pater
1336 1573 1524 1607 multorum
1549 1586 1666 1609 mona-

253 1638 395 1672 chorum
420 1638 508 1678 fuit;
534 1638 569 1672 in
595 1637 857 1683 comprobandis
882 1636 962 1671 fidei
987 1636 1205 1682 dogmatibus
1228 1636 1361 1676 solidus,
1388 1637 1423 1671 in
1448 1637 1666 1673 discutiendis

254 1701 512 1737 difficultatibus
544 1701 782 1740 dexterrimus,
813 1704 848 1734 et
879 1699 1094 1734 dissolvendis
1130 1699 1397 1744 disputationum
1431 1701 1667 1737 controversiis

254 1765 491 1805 solerfiffimus,
514 1765 549 1799 in
571 1764 720 1800 leetione
743 1768 899 1798 veterum
922 1763 1070 1797 multum
1091 1761 1270 1797 versatus?
1319 1763 1370 1798 De
1388 1765 1667 1801 memorabilibus

255 1828 465 1863 Palaestinae
481 1840 521 1863 00
539 1833 752 1863 caeterarum
771 1827 895 1862 Terrae
915 1827 1063 1861 sanetae
1083 1825 1174 1866 locis,
1193 1838 1380 1873 eorumque
1398 1827 1470 1868 fitu,
1488 1829 1667 1875 cupienter

256 1903 314 1927 eos
347 1891 526 1938 loquentes
559 1891 729 1931 audiebat,
761 1891 820 1937 qui
852 1890 928 1925 illas
956 1894 1072 1936 partes
1101 1888 1292 1931 vifitaffent‚
1321 1892 1463 1927 eredens
1489 1905 1552 1938 per
1579 1893 1666 1940 ipsos

256 1955 435 1991 clariorem
467 1955 722 2001 Scripturarum
754 1953 972 1989 intellefitum
1006 1953 1040 1988 se
1073 1952 1200 2000 affequi
1236 1953 1336 2000 poffe.
1403 1955 1554 1990 Tandem
1588 1957 1665 1991 casu

257 2019 406 2065 quodam
428 2018 496 2054 fine
525 2023 707 2053 ventorum
731 2017 765 2051 vi
794 2015 969 2063 contigifl'e
996 2016 1115 2058 fertur,
1144 2018 1364 2063 Arnulphum
1390 2019 1560 2064 quendam
1586 2020 1666 2055 Gal-

257 2082 381 2117 narum
411 2082 614 2128 episcopum,
649 2081 708 2127 qui
743 2080 980 2126 Hierosolyma
1013 2085 1163 2120 venerat,
1202 2081 1284 2114 illuc
1323 2081 1458 2127 navigio
1490 2082 1664 2128 appulisse,

260 2150 295 2179 et
328 2145 370 2179 de
403 2146 561 2181 omnibus
586 2145 685 2186 hisce,
719 2150 759 2179 ut
792 2143 1053 2190 historiographi
1094 2144 1256 2183 referunt,
1291 2145 1532 2180 Adamannum
1564 2146 1665 2192 plene

259 2206 435 2243 edocuiffe.
502 2209 543 2244 In
571 2214 707 2244 tantum
736 2207 841 2242 etiam
870 2207 1064 2242 caelestium
1090 2219 1205 2242 rerum
1239 2209 1518 2254 contemplationi
1545 2210 1579 2244 se
1609 2211 1666 2245 de-

260 2269 355 2310 didit,
379 2275 418 2305 ut
446 2284 529 2318 prae
555 2271 690 2307 exceffu
714 2270 952 2306 consolationis
980 2270 1172 2316 spiritualiS‚
1202 2276 1318 2305 mente
1345 2272 1478 2307 coelum
1510 2274 1666 2308 conscen-
