1913 2692
231 229 271 259 92
632 223 694 253 DE
718 222 1052 254 SCRIPTORIBUS
1077 222 1241 253 SCOTIS.

376 316 428 351 De
446 315 627 361 Regimine
646 315 837 349 Acutarum
855 313 1130 360 Aegritudinum.

378 380 560 414 Tractatus
577 379 619 414 de
637 377 872 424 Prognosticis.

378 445 560 479 Tractatus
578 444 620 477 de
639 442 765 477 Uriuis.

378 508 560 542 Tractatus
577 506 619 540 de
637 504 789 539 Cautelis
806 504 1003 538 Urinarum.

378 571 529 605 Libellus
546 570 587 604 de
606 567 770 603 Pulfibus.

379 634 538 680 Ejusdem
561 633 744 667 Tractatus
767 632 809 666 de
835 630 1100 666 Conservatione
1125 629 1226 663 Vitae
1255 628 1445 669 Humanae,
1471 642 1493 664 a
1515 630 1570 665 die
1593 642 1651 665 na-

426 697 572 732 tivitatis
597 696 701 742 usque
730 696 775 730 ad
803 694 961 729 ultimam
987 694 1109 728 horam
1134 692 1263 733 mortis,
1295 704 1385 727 nunc
1415 693 1552 728 demum
1583 694 1652 728 edi-

428 767 483 796 tus
501 773 603 807 opere
622 761 663 794 D.
681 759 854 794 Joachimi
871 756 1028 797 Band‘ifii,
1046 755 1184 802 Lipsiae,
1204 756 1306 792 1570.

237 826 384 872 Reliqua
414 825 528 860 omnia
556 825 670 871 Opera
696 823 820 858 excusa
848 823 925 856 sunt
952 820 1106 855 venetiis
1136 821 1239 855 1498.
1302 819 1401 854 Hisce
1430 820 1508 855 sane
1535 832 1655 855 monu-

236 890 361 924 mentis
394 887 654 936 exquilitissimis
687 893 722 922 et
756 885 930 922 communi
965 885 1143 920 hominum
1182 884 1289 924 saluti,
1326 890 1360 919 et
1397 885 1448 919 rei
1482 884 1654 920 literariae

237 953 482 993 commoditati,
512 952 675 998 simulque
708 951 866 998 propriae
899 950 1019 988 famae,
1050 947 1263 993 nominisque
1294 947 1517 992 celebrationi
1552 954 1655 994 atque

238 1017 500 1057 immortalitati,
531 1016 580 1051 ita
607 1015 799 1051 consultum
831 1014 922 1054 fecit,
951 1018 990 1048 ut
1010 1013 1089 1058 jure
1119 1011 1298 1046 dubitetur
1326 1016 1443 1046 utrum
1472 1012 1656 1058 praeclaris

238 1081 367 1128 ingenii
392 1081 539 1121 dotibus,
564 1093 609 1115 an
631 1092 712 1114 vero
737 1079 808 1125 ipsa
830 1083 973 1113 naturae
999 1076 1163 1115 bonitate,
1188 1076 1265 1122 plus
1288 1076 1330 1110 de
1357 1077 1509 1111 humano
1531 1088 1657 1123 genere

239 1145 476 1190 promeruerit.
527 1143 660 1179 claruit
677 1155 768 1178 anno
784 1142 915 1189 gratiae
934 1143 1037 1181 1498,
1055 1140 1116 1175 sub
1132 1140 1264 1175 Jacobo
1282 1140 1414 1181 Quarto
1433 1140 1623 1176 Scotorum.

657 1287 720 1321 DE
747 1285 927 1321 GAVINO
954 1284 1232 1319 DOUGLASIO.

244 1401 416 1435 GAVINUS
458 1400 704 1439 DOUGLAsms,
747 1397 933 1444 Episcopus
975 1395 1232 1435 Dunkeldenfis,
1271 1395 1469 1431 clariflimae
1511 1396 1659 1431 familiae

243 1465 374 1504 Scotus‚
406 1469 480 1498 erat
510 1463 602 1498 enim
631 1462 766 1498 comitis
794 1460 962 1507 Angufiae
989 1465 1141 1507 patruus,
1173 1473 1193 1495 a
1222 1460 1333 1506 prima
1358 1466 1470 1496 aetate
1497 1461 1532 1495 in
1563 1461 1661 1496 bonis

243 1528 350 1562 literis
374 1528 565 1568 institutus3
590 1539 668 1561 cum
694 1526 786 1560 enim
811 1525 925 1560 indole
949 1523 1031 1559 ess'et
1055 1524 1240 1570 praeclara,
1263 1524 1442 1559 literarum
1465 1525 1660 1571 artiumque

244 1592 451 1637 optimarum
498 1591 613 1625 studiis
654 1603 675 1624 a
717 1589 916 1636 parentibus
961 1587 1184 1628 consecratus,
1229 1587 1428 1623 doctiffimis
1472 1589 1507 1623 in
1549 1589 1661 1623 schola

245 1655 356 1700 patria
380 1655 458 1689 usus
482 1655 527 1689 est
548 1653 837 1700 praeceptoribus,
855 1653 891 1687 in
914 1651 1072 1686 omnibus
1093 1651 1222 1698 pariter
1252 1651 1435 1698 disciplinis
1459 1657 1494 1687 et
1516 1652 1662 1687 scientiis

246 1720 375 1765 optime
407 1719 565 1759 versatus,
600 1730 669 1753 non
699 1717 788 1752 levia
821 1714 1074 1763 praeclariffimi
1108 1720 1142 1750 et
1176 1715 1268 1750 acuti
1302 1715 1430 1762 ingenii
1460 1721 1664 1763 argumenta

248 1783 413 1828 praebuit.
479 1783 593 1817 Homo
623 1782 778 1816 omnium
804 1780 935 1827 judicio
966 1778 1238 1825 elegantiffimus‚
1269 1779 1502 1826 philosophiae
1518 1792 1521 1793 ⁷
1535 1780 1664 1827 pariter

248 1852 282 1880 et
321 1847 514 1893 theologiae
548 1846 665 1880 studiis
700 1845 829 1880 summe
868 1843 1012 1883 deditus,
1047 1842 1195 1878 summos
1233 1843 1268 1878 in
1306 1849 1453 1890 utraque
1490 1844 1662 1891 sapientia.

248 1916 320 1944 tam
348 1911 462 1944 divina
488 1921 592 1955 quam
618 1909 778 1948 humana,
805 1908 953 1942 honores
975 1918 1052 1940 cun]
1079 1906 1179 1940 laude
1206 1906 1334 1940 ibidem
1357 1908 1565 1953 promeritus
1589 1908 1663 1942 fuit.

250 1974 290 2007 In
315 1974 437 2008 divinis
463 1973 649 2019 Scripturis
676 1973 774 2007 valde
800 1970 964 2006 studiosus
992 1975 1027 2004 et
1052 1969 1215 2010 eruditus,
1242 1975 1346 2016 atque
1370 1970 1406 2004 in
1429 1970 1570 2005 seculari
1592 1970 1667 2017 phi·

253 2037 403 2083 losophia
429 2037 515 2072 nulli
538 2037 597 2071 suo
627 2042 783 2083 tempore
807 2034 999 2074 secundus;
1023 2033 1060 2067 in
1082 2038 1156 2068 arte
1179 2033 1283 2068 etiam
1307 2034 1443 2080 poetica
1470 2034 1590 2075 clarus,
1616 2034 1666 2069 in-

251 2102 352 2147 genio
380 2101 519 2142 subtilis,
547 2099 683 2146 eloquio
710 2098 932 2138 scholasticus,
959 2097 1030 2132 vita
1054 2102 1089 2132 et
1116 2097 1370 2132 conversatione
1395 2098 1537 2132 devotus
1562 2103 1665 2144 atque

253 2163 501 2200 sauctiffimus:
536 2163 589 2198 vir
617 2162 711 2198 omni
739 2161 957 2197 scientiarum
980 2173 1106 2208 genere
1133 2160 1384 2202 excultiffimus,
1414 2161 1473 2208 qui
1500 2162 1544 2196 ob
1573 2162 1668 2196 lucu-

253 2228 435 2267 brationes,
479 2239 565 2273 quae
608 2226 708 2272 quale
745 2225 849 2261 fuerit
886 2225 977 2260 vitae
1014 2225 1087 2272 ejus
1119 2225 1327 2261 curriculum
1360 2225 1439 2260 satis
1477 2225 1665 2265 ostendunt,

254 2291 354 2326 citius
395 2290 617 2326 admirandus
658 2301 762 2335 quam
801 2288 996 2329 imitandus,
1036 2287 1238 2335 fingularem
1277 2289 1480 2324 immortalis
1521 2289 1668 2324 nominis
