1996 2785
1033 268 1065 300 iv

346 368 551 408 verterem,
591 376 635 400 ac
668 361 818 414 publici
854 362 956 413 juris
995 362 1177 400 facerem.
1250 363 1369 405 Quod
1407 363 1557 414 pluries
1595 369 1636 401 et
1668 363 1750 407 diu,

344 429 385 466 in
420 429 554 467 seculo
587 430 686 467 adeo
718 429 878 467 erudito
909 435 949 467 et
984 435 1137 475 nasuto,
1171 436 1335 481 propter
1365 443 1495 468 meam
1527 430 1569 467 in
1603 429 1752 467 Latino

344 509 526 534 sermone
557 496 780 541 infantiam,
816 510 888 534 nec
918 510 999 534 non
1029 497 1071 534 in
1100 497 1214 534 bonis
1243 495 1370 534 literis
1402 496 1668 541 insolentiam,
1700 502 1752 541 et,

343 563 453 613 quod
473 563 694 601 maximum
715 568 785 607 est,
815 568 978 614 propter
998 575 1196 600 summam
1224 563 1266 601 in
1288 577 1330 601 re
1349 563 1434 615 ipsa
1460 562 1751 607 difficultatem,

343 636 500 668 tentare
548 635 734 668 constans
782 630 925 667 renui:
973 643 1114 667 verum
1161 628 1269 667 ultra
1307 631 1355 667 ab
1392 629 1624 668 hominibus
1671 628 1749 666 mei

342 697 633 742 amantissimis,
680 696 898 734 instantius
945 695 1076 733 multo
1123 708 1243 746 quam
1291 702 1419 741 antea,
1468 710 1587 748 super
1625 709 1671 734 ea
1708 708 1750 732 re

342 770 513 814 rogatus,
544 777 726 801 recusare
755 763 910 801 diutius
940 762 1114 814 nequivi,
1145 761 1245 813 quin
1275 775 1374 813 opus
1403 762 1479 800 hoc
1507 763 1681 800 arduum
1708 761 1749 799 in

340 844 415 876 me,
456 829 550 868 licet
596 830 756 868 muneri
795 836 842 868 ut
882 830 1019 868 decuit
1061 843 1142 867 non
1182 829 1238 866 ita
1274 842 1422 881 parem,
1469 830 1748 881 susciperem.''

342 898 424 935 Diu
474 897 598 948 igitur
640 897 681 934 in
720 896 855 934 Gallia
902 897 1073 935 haesisse
1121 895 1305 939 videtur;
1354 902 1395 934 et
1442 895 1581 947 lingua
1627 895 1748 934 etiam

340 963 495 1002 Gallica
524 963 673 1001 librum
702 964 949 1015 conscripsit,
982 963 1093 1001 hunc
1122 961 1290 1000 titulum
1329 976 1423 1014 prae
1451 976 1492 1001 se
1526 963 1747 1001 ferentem:

339 1038 358 1054 ‘⁶
378 1031 610 1069 L’Histoire
634 1031 685 1069 de
714 1030 752 1068 la
781 1031 1034 1076 Conscience,
1063 1043 1133 1082 par
1156 1030 1288 1068 David
1308 1029 1543 1068 Buchanan.
1603 1030 1694 1080 Fuy
1715 1030 1747 1068 le

338 1099 426 1143 mal,
462 1099 549 1149 Fay
584 1099 616 1136 le
649 1099 770 1136 bien.”
843 1099 955 1142 1638,
998 1101 1123 1135 lfzmo.
1196 1097 1378 1148 Uterque
1416 1096 1518 1135 liber
1551 1097 1634 1135 sine
1668 1096 1744 1135 loci

338 1165 487 1203 indicio
534 1170 604 1203 est.
692 1165 788 1202 Post
837 1170 990 1215 septem
1038 1177 1236 1201 annorum
1286 1163 1558 1209 intervallum,
1607 1163 1746 1215 lingua

337 1232 464 1270 edidit
485 1231 707 1282 Anglicana
736 1231 821 1269 sine
850 1231 1023 1269 auctoris
1043 1230 1217 1276 nomine,
1249 1236 1269 1253 ‘⁶
1290 1231 1425 1269 Truth
1454 1231 1506 1269 its
1527 1230 1743 1273 Manifest;

337 1313 380 1337 or
414 1313 436 1336 a
470 1298 582 1336 short
620 1299 700 1336 and
739 1303 830 1336 true
865 1296 1056 1336 Relation
1091 1298 1136 1335 of
1170 1297 1300 1335 divers
1338 1298 1446 1335 main
1482 1298 1669 1348 Passages
1703 1297 1749 1335 of

338 1366 474 1417 things
507 1365 564 1412 (in
595 1379 702 1403 some
737 1364 917 1403 wbereof
941 1364 1011 1402 the
1040 1365 1151 1402 Scots
1181 1378 1246 1402 are
1275 1363 1537 1415 particularly
1558 1377 1746 1402 concern-

336 1433 401 1483 ed)
433 1433 535 1470 from
557 1432 626 1470 the
646 1446 741 1483 very
762 1432 850 1470 first
868 1432 1091 1483 beginning
1119 1431 1165 1468 of
1192 1430 1303 1469 these
1332 1430 1526 1483 unhappy
1547 1430 1745 1469 Troubles

335 1507 377 1538 to
408 1499 488 1537 this
522 1500 609 1550 day.
679 1498 901 1537 Published
933 1500 985 1550 by
1021 1497 1280 1548 Authority.”
1342 1498 1472 1536 Lond.
1510 1499 1623 1543 1645,
1658 1502 1743 1536 8vo.

334 1566 494 1604 Civium
528 1580 691 1604 suorum
726 1579 884 1604 causam
924 1579 996 1617 pro
1031 1564 1135 1603 virili
1170 1565 1308 1608 oravit,
1350 1571 1391 1603 et
1429 1578 1509 1602 non
1544 1565 1742 1603 modicam

334 1632 476 1684 Anglis
508 1633 679 1672 concivit
708 1633 820 1670 iram.
879 1632 1083 1671 Libellum
1115 1632 1238 1682 igitur
1267 1630 1446 1683 vulgavit
1478 1632 1610 1670 nescio
1640 1632 1741 1682 quis,

334 1707 352 1722 ⁴⁶
382 1700 576 1739 Manifest
610 1699 788 1744 Truths;
830 1713 873 1738 or
912 1714 961 1738 an
1003 1699 1209 1738 Inversion
1250 1698 1296 1736 of
1329 1698 1483 1736 Truths
1522 1698 1739 1736 Manifest:

332 1768 567 1819 containing
600 1782 621 1805 a
656 1767 874 1805 Narration
910 1767 955 1805 of
983 1767 1053 1805 the
1088 1765 1354 1816 Proceedings
1386 1766 1432 1803 of
1466 1765 1535 1804 the
1567 1765 1741 1803 Scottish

332 1835 469 1886 Army,
501 1835 581 1872 and
610 1848 632 1872 a
660 1834 922 1872 Vindication
952 1834 998 1872 of
1024 1833 1094 1871 the
1124 1832 1372 1871 Parliament
1399 1833 1481 1870 and
1510 1832 1741 1884 Kingdome

332 1901 378 1939 of
412 1900 602 1952 England
642 1901 743 1939 from
784 1901 854 1938 the
892 1899 990 1938 false
1030 1900 1110 1938 and
1147 1900 1346 1951 injurious
1385 1899 1621 1951 Aspersions
1659 1905 1741 1937 cast

331 1983 381 2006 on
419 1968 528 2006 them
563 1968 614 2018 by
646 1967 716 2005 the
748 1967 909 2005 Author
943 1967 989 2004 of
1021 1966 1092 2004 the
1126 1967 1211 2004 said
1244 1966 1448 2004 Manifest.
1519 1965 1741 2004 Published

330 2038 381 2087 by
416 2035 683 2073 Authoritie.”
742 2034 872 2072 Lond.
913 2034 1025 2080 1646,
1064 2038 1143 2071 4to.
1201 2033 1338 2071 Vitam
1378 2033 1545 2071 Joannis
1584 2033 1735 2070 Knoxii

330 2101 499 2153 Anglice
538 2101 783 2152 conscripsit,
824 2107 875 2146 et,
917 2114 999 2138 una
1037 2114 1128 2139 cum
1176 2100 1356 2152 ejusdem
1397 2100 1578 2137 Historia
1616 2100 1739 2137 refor-

330 2175 460 2207 matae
490 2169 597 2220 apud
622 2169 758 2206 Scotos
794 2167 1028 2219 Religionis,
1058 2167 1235 2205 Londini
1257 2173 1297 2205 et
1317 2167 1545 2218 Edinburgi
1575 2180 1737 2217 quoque

328 2236 457 2274 edidit
489 2249 594 2273 anno
625 2240 830 2286 reparatae
864 2234 1005 2272 salutis
1043 2235 1154 2272 1644.
1213 2235 1262 2271 In
1294 2234 1367 2271 hac
1400 2239 1535 2272 autem
1570 2233 1736 2271 historia

327 2302 485 2342 edenda
514 2316 595 2341 non
616 2302 709 2341 satis
738 2301 914 2342 fideliter
934 2307 1113 2340 versatus
1133 2307 1214 2344 est;
1245 2301 1393 2339 etenim
1424 2299 1554 2338 multa
1573 2300 1733 2345 delevit,
