1913 2692
227 227 268 257 90
610 226 672 256 DE
707 225 1039 256 SCRIPTORIBUS
1072 225 1236 255 SCOTIS.

221 316 358 361 juvenis
381 317 537 352 scientias
559 316 807 363 philosophicas
824 316 1008 363 diligenter
1025 315 1152 355 didicit,
1177 321 1212 350 et
1238 315 1282 351 ad
1304 315 1516 362 theologiam
1533 320 1646 350 aetate

227 381 415 416 maturiore
454 380 646 428 progrefl'us
675 381 730 415 est.
789 381 952 427 Magnam
982 379 1072 413 inter
1104 378 1179 413 suos
1209 378 1452 413 auctoritatem
1485 377 1647 424 [adeptus

228 444 304 488 est],
323 450 357 480 et
382 445 475 480 illam
498 457 601 491 quam
624 444 725 490 supra
750 443 937 478 memoravi
960 442 1172 488 dignitatem,
1200 454 1268 488 quo
1293 447 1448 488 tempore
1475 442 1647 477 sacrarum

230 507 486 554 Scripturarum
519 507 660 542 lectioni
695 511 729 541 et
762 505 988 545 meditationi,
1025 505 1169 540 caeteris
1202 518 1289 552 pene
1322 506 1436 541 studiis
1469 506 1645 552 neglectis,

229 566 263 605 se
291 571 430 606 dedidit.
491 571 588 605 Adeo
619 570 766 616 denique
800 569 916 604 studiis
941 569 1094 615 profecit,
1127 575 1166 603 ut
1191 581 1212 604 a
1236 582 1317 616 rege
1343 570 1387 604 ad
1417 569 1646 616 episcopatum

231 634 507 669 Aberdonensem
539 633 578 669 fit
608 633 758 673 evectus,
794 644 898 680 quam
932 632 1092 678 Spartam
1127 634 1250 668 nactus
1283 632 1398 668 sedulo
1431 634 1646 674 adornabat3

230 711 354 745 magno
389 699 481 733 enim
522 700 690 733 bonarum
733 697 912 732 literarum
954 695 1197 735 emolumento,
1234 695 1457 731 studiosorum
1496 696 1647 732 virorum

230 761 440 808 gymnasium
465 761 596 808 primus
621 761 678 796 ille
703 760 815 807 posuit
842 765 877 796 et
902 759 1054 799 instituit,
1079 759 1296 805 Regiumque
1323 759 1515 806 Collegium
1544 759 1581 794 in
1607 773 1647 795 eo

230 825 426 865 construxit,
457 830 495 859 ut
525 825 679 860 omnium
712 824 781 859 illic
811 823 1048 858 doctrinarum
1077 835 1205 869 genera
1234 828 1269 858 et
1296 822 1424 858 artium
1451 823 1647 870 disciplinae

231 889 445 924 auditoribus
473 894 757 935 proponerentur.
823 888 876 923 De
906 899 947 923 eo
980 887 1025 922 ad
1056 887 1226 922 Jacobum
1255 886 1433 928 Quintum,
1465 887 1647 923 Scotorum

232 965 357 999 regem,
384 953 433 987 ita
456 952 571 987 scribit
599 952 732 987 Hector
749 951 925 986 Boethius.
969 951 1200 991 “Postremo‚”
1224 951 1345 997 inquit,
1371 951 1519 986 “multis
1542 952 1648 986 virtu-

231 1017 323 1051 tibus
362 1016 590 1063 suspiciendus
628 1016 832 1051 Wilhelmus
873 1015 1123 1062 Elphinstonus,
1159 1015 1345 1061 Episcopus
1388 1015 1646 1056 Abefflonenfis,

232 1092 295 1115 avo
322 1086 383 1115 tuo
411 1086 576 1127 regnante
604 1080 702 1126 regni
728 1079 959 1119 cancellarius,
990 1090 1030 1114 ac
1060 1079 1149 1125 patri
1175 1084 1236 1113 tuo
1262 1079 1404 1114 intimus
1429 1079 1646 1119 confiliarius,

232 1143 393 1190 omnique
423 1144 496 1190 ejus
522 1155 629 1190 regno
657 1155 678 1177 a
706 1142 879 1177 secretiori
909 1141 1025 1189 figillo,
1056 1143 1111 1177 cui
1143 1155 1205 1178 nos
1235 1143 1398 1189 quicquid
1428 1143 1473 1178 est
1501 1143 1644 1183 fructus,

232 1219 335 1254 quem
362 1207 415 1242 his
442 1207 562 1242 nostris
590 1206 804 1253 assequemur
833 1206 1019 1247 sudoribus,
1049 1218 1149 1242 omne
1181 1207 1284 1241 semel
1313 1207 1485 1247 debemus,
1517 1212 1555 1242 ut
1588 1208 1645 1253 qui

232 1272 362 1318 primus
395 1271 551 1318 diligenti
584 1270 744 1318 indagine
774 1282 881 1317 quum
915 1282 1051 1305 omnem
1081 1282 1187 1316 prope
1223 1270 1374 1305 Scotiam
1406 1269 1644 1316 perlustrasset.

232 1336 254 1371 fi
289 1347 357 1382 quo
390 1336 426 1370 in
459 1335 534 1370 loco
566 1335 717 1381 reperire
747 1333 855 1380 poffet
890 1340 989 1369 vetus
1018 1334 1127 1369 ullum
1157 1347 1274 1369 rerum
1304 1334 1494 1369 nostrarum
1526 1346 1647 1369 monu-

233 1406 396 1441 mentum,
431 1412 471 1435 ac
505 1399 666 1446 quicquid
700 1404 875 1445 repertum
906 1403 980 1433 erat
1014 1398 1049 1433 in
1083 1398 1194 1434 lucem
1228 1399 1322 1433 velut
1351 1411 1370 1433 e
1396 1398 1491 1433 venis
1518 1397 1645 1433 filicum

234 1464 421 1509 igniculum
449 1462 656 1503 extraxisset,
687 1463 826 1497 tandem
857 1474 900 1497 ex
929 1462 1014 1497 Iona
1043 1462 1151 1497 insula
1179 1462 1313 1508 gustum
1345 1463 1516 1508 quendam
1543 1463 1645 1497 modo

234 1527 443 1562 Veremundi
477 1539 516 1562 ac
549 1527 761 1573 reliquorum
794 1526 994 1572 percipiens,
1029 1526 1161 1572 patriae
1195 1538 1320 1565 amore,
1352 1526 1410 1561 etfi
1444 1526 1644 1572 gravissimis

234 1591 497 1638 distringebatur
534 1590 689 1637 negotiis,
726 1595 843 1625 tamen
877 1594 1013 1625 tantum
1047 1590 1199 1624 laborem
1234 1589 1345 1624 subire
1378 1590 1471 1624 haud
1505 1589 1642 1629 veritus,

234 1655 406 1690 historiam
433 1654 579 1690 scribere
609 1653 748 1689 exorsus
774 1654 846 1695 est3
877 1666 980 1700 quam
1010 1653 1067 1688 nifi
1097 1665 1222 1700 magno
1249 1653 1299 1688 rei
1329 1653 1510 1693 litemriae,
1541 1658 1644 1700 atque

234 1719 319 1754 adeo
352 1718 561 1765 reipublicae
590 1717 723 1752 nostrae
755 1717 889 1758 damno,
923 1729 944 1752 a
976 1717 1056 1752 fatis
1085 1722 1292 1764 praeventus
1319 1718 1558 1764 imperfectam
1593 1730 1646 1752 re-

234 1781 390 1829 liquiffet,
424 1782 588 1817 statuerat
615 1782 689 1828 jam
728 1787 804 1816 tum
838 1781 1055 1816 Aberdoniae
1085 1781 1121 1816 in
1155 1782 1277 1828 Regali
1316 1782 1478 1828 Collegio,
1520 1794 1646 1829 magno

234 1847 412 1881 literarum
439 1846 652 1880 incremento
679 1845 807 1880 ibidem
834 1846 1004 1885 extructo,
1033 1845 1232 1880 servandam
1263 1846 1462 1892 deponere.’'
1512 1846 1643 1880 Hucus-

234 1922 299 1956 que
334 1909 509 1944 Boethius.
576 1909 709 1943 Laudat
741 1909 833 1942 hunc
867 1908 974 1947 valde,
1009 1908 1121 1955 inquit
1155 1908 1325 1944 Gesnerus
1358 1909 1393 1943 in
1430 1909 1644 1944 Bibliotheca

235 1974 302 2013 sua,
330 1973 496 2008 Bostonus
527 1971 699 2007 Burienfis
724 1973 760 2006 in
784 1984 910 2018 magno
936 1972 1150 2018 Scriptorum
1177 1973 1342 2019 Catalogo
1367 1974 1411 2008 ob
1442 1973 1644 2020 singularem

235 2037 472 2073 eruditionem.
522 2036 576 2071 Ex
594 2036 749 2071 collectis
765 2035 872 2082 igitur
888 2035 968 2070 hinc
985 2036 1064 2071 inde
1081 2036 1227 2072 historiis
1244 2037 1405 2072 conflavit

380 2101 563 2136 Scotorum
580 2100 784 2141 Chronicon,
802 2100 860 2134 lib.
879 2110 902 2134 1.

377 2164 609 2200 Conciliorum
628 2164 775 2205 Statuta,
793 2164 851 2199 lib.
870 2174 893 2198 1.

377 2227 558 2263 Lectiones
576 2228 698 2263 Varias
714 2228 751 2262 in
768 2228 992 2274 Scripturam‚
1012 2227 1069 2262 lib:

378 2289 585 2327 Sanctorum
602 2293 637 2327 in
655 2292 770 2328 Scotia
787 2292 858 2328 Res
873 2291 990 2338 gestas,
1008 2291 1065 2326 lib.
1085 2301 1106 2326 Ι.
