1913 2692
660 236 720 265 m:
757 234 1090 265 someromssus
1125 233 1287 264 scows.
1640 236 1696 265 ης,

668 406 732 440 DE
758 404 980 440 ROBERTO
1006 403 1267 439 BALFOREO.

271 521 467 555 nonam-us
509 520 731 554 BALFonnns
775 518 907 557 Scotus,
950 529 993 552 ex
1037 516 1112 551 Fifa
1154 516 1246 551 clara
1290 516 1419 551 familia
1457 516 1631 551 oriundus.
1672 528 1692 549 a

270 584 418 630 pueritia
451 583 548 618 bonis
583 583 691 618 literis
725 583 760 617 in
794 593 874 616 rure
908 580 1015 616 natali
1055 580 1249 617 instructus.
1290 579 1553 614 adolescentiam
1588 579 1692 614 etiam

270 647 409 694 optimis
445 647 629 694 disciplinis
662 647 698 681 in
732 645 920 681 Academia
952 644 1249 690 Andreapolitana
1282 644 1442 684 excoluit,
1476 649 1575 679 tanta
1614 656 1692 678 cum

271 711 449 757 diligentia
477 711 631 746 animum
662 711 841 746 literartmi
872 709 990 745 studiis
1017 708 1192 755 applicuit,
1222 714 1390 755 tantoque
1424 708 1544 743 fructu
1577 707 1693 743 omnia

269 775 461 821 perdidicit,
495 781 534 810 ut
563 774 660 810 inlita
694 774 760 809 effe
792 786 996 821 magnarum
1030 771 1200 807 virtutum
1234 772 1363 807 semina
1396 772 1475 807 satis
1509 771 1693 806 manifestis

270 839 403 874 indiciis
435 839 636 879 ostenderet,
671 839 859 874 maximam
892 838 998 873 etiam
1031 836 1125 883 spem
1158 837 1201 871 de
1236 849 1277 871 eo
1314 836 1415 883 ipfius
1454 842 1694 883 praeceptores

270 903 498 949 conciperent.
573 903 718 937 ,Iuvenis
754 902 862 937 felicis
901 900 1040 949 ingenii,
1074 900 1170 935 solidi
1204 901 1336 947 judicii,
1378 901 1518 936 fluentis
1557 900 1694 947 eloquii,

273 967 396 1014 poesin,
431 967 647 1007 rhetoricam,
683 979 890 1013 omnemque
924 966 1106 1001 cultiorem
1140 965 1357 1000 literaturam
1393 972 1552 1001 accurate
1588 965 1696 1011 spatio

273 1044 462 1078 paucorum
495 1044 664 1067 annorum
699 1031 826 1066 calluit.
884 1032 924 1066 In
957 1030 1081 1065 aetatis
1114 1030 1199 1065 flore
1233 1030 1445 1071 constitutus,
1480 1036 1515 1065 et
1549 1030 1696 1065 honestis

275 1096 458 1143 disciplinis
497 1108 565 1131 non
603 1096 823 1131 mediocriter
862 1095 1056 1135 instruetus,
1101 1094 1243 1130 hortatu
1277 1100 1461 1141 parentum
1497 1095 1532 1129 in
1568 1094 1698 1130 Gallias

277 1161 308 1196 se
339 1160 510 1199 contulit;
545 1160 592 1194 ibi
626 1161 661 1194 in
691 1159 879 1195 Academia
907 1157 1089 1195 'Parilienfi
1119 1159 1163 1193 ad
1192 1163 1329 1206 tempus
1364 1159 1519 1199 substitit,
1548 1159 1698 1206 publice-

278 1237 343 1272 que
377 1225 488 1260 theses
517 1224 766 1271 philosophicas
799 1223 985 1270 proposuit,
1016 1235 1209 1269 magnaque
1238 1236 1316 1258 eum
1344 1223 1445 1258 laude
1476 1224 1551 1258 illas
1579 1229 1697 1258 contra

279 1301 397 1324 omnes
433 1293 671 1335 oppugnantes
705 1288 868 1323 sustinuit.
936 1286 1070 1322 Deinde
1106 1287 1339 1334 Burdegalam
1373 1288 1415 1322 ab
1450 1288 1599 1334 ejusdem
1633 1288 1699 1321 loci

278 1351 434 1398 episcopo
460 1357 609 1392 vocatus,
641 1351 699 1385 ubi
727 1351 830 1385 variis
859 1350 1056 1385 honorificis
1087 1351 1288 1386 muneribus
1319 1352 1463 1386 affectus
1491 1352 1546 1392 est,
1574 1364 1698 1397 magno

279 1416 384 1450 etiam
418 1414 553 1450 senatus
581 1414 754 1461 totiusque
784 1414 979 1449 academiae
1009 1414 1173 1461 applausu
1203 1415 1246 1449 ad
1276 1416 1490 1450 re&oratum
1525 1415 1571 1450 est
1605 1427 1700 1449 evec-

280 1486 354 1513 tus:
385 1479 420 1514 in
444 1490 484 1513 eo
510 1491 653 1513 munere
679 1491 741 1524 per
770 1479 898 1513 multos
925 1491 1042 1519 annos,
1074 1480 1256 1514 doetorum
1284 1486 1319 1515 et
1347 1481 1518 1516 clarorum
1548 1481 1700 1515 virorum

280 1543 424 1583 monitu,
455 1543 601 1589 logicam
632 1542 776 1588 suscepit
805 1543 1023 1578 tractandam
1058 1549 1093 1578 et
1127 1544 1374 1590 explicandam.
1443 1544 1619 1580 Successus
1645 1545 1700 1578 hic

282 1607 413 1654 primus
447 1607 496 1641 illi
535 1607 681 1642 feliciter
714 1607 846 1647 cecidit,
887 1607 1144 1654 multorumque
1183 1609 1300 1643 oculos
1338 1609 1372 1644 in
1411 1609 1442 1644 se
1478 1609 1606 1645 allexit.
1643 1609 1700 1655 qui

282 1672 497 1706 mirabantur
525 1676 659 1706 tantam
689 1671 724 1705 in
752 1683 793 1706 eo
822 1671 1117 1717 perspicacitatem
1145 1676 1179 1706 et
1210 1672 1337 1719 ingenii
1365 1685 1519 1708 acumen.
1581 1673 1699 1708 Postea

283 1748 351 1770 una
381 1747 459 1770 cum
490 1735 711 1782 philosophia,
746 1736 1007 1770 mathematicas
1036 1736 1141 1771 etiam
1173 1736 1328 1772 scientias
1362 1750 1430 1772 non
1464 1738 1588 1772 minori
1623 1750 1699 1772 cum

282 1800 383 1834 laude
416 1804 451 1833 et
484 1799 731 1846 approbatione
764 1799 900 1845 publice
933 1798 1098 1846 professus
1131 1800 1186 1834 est.
1262 1801 1352 1835 Hinc
1392 1801 1482 1836 illius
1515 1802 1606 1836 fama
1640 1814 1701 1848 per

285 1875 403 1898 omnes
432 1863 624 1898 academias
651 1863 764 1910 sparsa
794 1863 900 1898 totius
926 1863 1095 1910 Europae,
1122 1864 1179 1898 sed
1206 1864 1297 1899 inter
1326 1866 1443 1900 Gallos
1469 1866 1522 1901 vel
1551 1867 1701 1901 maxime

285 1940 410 1963 nomen
443 1928 577 1963 celebre
605 1928 678 1974 jam
713 1933 787 1962 erat
820 1928 973 1974 adeptus.
1025 1927 1088 1961 Vir
1118 1933 1153 1962 et
1186 1927 1359 1964 rhetorico
1393 1929 1534 1976 liquore,
1568 1932 1703 1977 poetica

285 1992 460 2032 varietate,
498 1992 604 2027 totius
637 1992 870 2038 philosophiae
907 1990 1144 2027 micantiffimo
1181 1991 1359 2038 splendore
1400 1994 1580 2039 expolitus,
1622 2008 1702 2042 geo-

286 2060 397 2090 metra
429 2054 577 2101 infignis,
612 2067 715 2101 quem
749 2055 888 2101 quidem
922 2057 965 2091 ad
999 2055 1114 2090 divina
1147 2056 1261 2102 potius
1296 2058 1552 2104 pervestiganda
1585 2072 1701 2095 rerum

285 2118 423 2159 secreta,
452 2119 651 2165 entiumque
677 2118 831 2153 omnium
860 2119 1042 2154 latentium
1072 2119 1228 2155 essentias
1258 2126 1381 2156 natura
1410 2122 1605 2168 produxisse
1630 2137 1702 2160 cre-

286 2182 388 2223 ditur,
419 2195 523 2229 quam
550 2188 589 2217 ut
618 2183 755 2217 mortali
789 2195 930 2229 corpore
960 2184 1170 2230 interceptus
1199 2185 1386 2220 humanam
1416 2186 1521 2221 vitam
1551 2188 1701 2224 duceret.

290 2245 420 2280 Verum
442 2246 507 2281 hoc
533 2258 641 2280 unum
666 2246 702 2280 in
728 2258 768 2281 eo
787 2246 991 2288 deflendum,
1016 2248 1108 2294 quod
1131 2248 1305 2295 religionis
1329 2250 1524 2296 pontificiae
1549 2252 1703 2288 strenuus

290 2309 412 2350 fautor,
432 2314 466 2345 et
493 2310 637 2358 diligens
660 2310 817 2352 sectator,
843 2310 878 2345 in
901 2323 1020 2347 eorum
1042 2312 1197 2359 ineptias,
1220 2313 1317 2355 ritus,
1340 2315 1571 2351 caeremonias
1592 2317 1705 2364 super-

1545 2374 1563 2398 s
