1913 2692
228 226 269 264 70
630 222 692 253 ΒΕ
716 223 1050 254 SCRIPTORIBUS
1075 223 1239 253 SCOTIS.

229 316 307 350 inde
334 327 395 361 per
424 315 609 349 monachos
637 314 828 355 transsatus,
859 314 1038 349 duodecim
1069 315 1166 348 annis
1197 314 1266 348 illie
1296 313 1426 353 manfit,
1458 313 1573 360 ibique
1609 314 1644 348 in

228 380 439 420 monasterio,
474 380 529 414 eui
563 380 757 414 Richardus
795 380 900 414 abbas
932 379 1070 417 nostras,
1106 391 1174 413 non
1211 378 1343 412 minore
1377 377 1507 424 pietate
1542 390 1645 424 quam

229 444 420 478 eruditione
446 443 591 489 insignis,
619 443 776 489 praefuit.
828 443 995 477 Omnibus
1021 441 1204 488 disciplinis
1233 441 1418 477 avidissime
1442 447 1546 487 atque
1572 442 1645 476 feli-

229 507 354 542 eiffime
393 507 527 547 haustis,
561 506 657 553 juffu‘
693 507 828 542 abbatis
864 505 1039 540 Fuldenfis
1081 511 1115 540 et
1149 506 1392 552 archiepiscopi
1438 506 1643 552 Moguntini,

229 577 370 618 propter
391 571 609 606 sanetitatem
632 576 667 605 et
692 570 921 604 eruditionem
944 569 1160 615 Moguntiam
1188 576 1356 610 evocatus,
1381 570 1472 616 apud
1496 570 1529 604 S.
1554 570 1645 604 Mar-

229 636 340 670 tinum
366 634 513 670 inclusus
535 634 764 680 septendecim
782 634 857 668 aliis
873 633 980 672 annis,
999 633 1130 667 summa
1153 633 1290 667 virtutis
1316 634 1466 668 excitata
1484 633 1644 680 opinione

230 699 335 745 usque
369 699 412 734 ad
443 703 591 733 mortem
622 697 860 744 perseveravit,
894 709 964 731 11011
998 696 1065 731 fine
1095 696 1218 742 grandi
1251 696 1442 732 1'an6titatis
1475 698 1643 743 opinione.

230 762 380 809 Dionysii
397 763 532 809 Exigui‚
551 762 685 797 abbatis
702 761 859 802 Romani,
878 761 1020 807 Cyelum
1044 760 1243 795 Paschalem
1273 761 1432 801 correxit,
1457 766 1496 795 ut
1519 773 1540 795 a
1557 762 1646 806 justa

231 827 446 873 evangelicae
470 826 624 861 veritatis
647 825 903 872 computatione
929 825 1044 860 omnia
1071 825 1221 865 duceret,
1252 837 1340 870 quae
1366 824 1402 858 in
1428 824 1574 859 historiis
1598 824 1647 859 se-

231 896 404 937 quuntur3
429 896 463 925 et
486 904 528 925 ex
548 889 679 925 Afferio
697 889 890 925 Menevenfi
913 889 1183 935 chronographo,
1202 894 1240 923 ut
1262 888 1386 924 3116101·
1403 889 1450 923 est
1467 888 1645 928 Lelandus,

232 955 333 989 flores
353 955 500 1002 collegit.
548 955 647 989 Unde
666 954 895 989 Trithemius:
916 954 1026 987 “Fuit
1050 958 1165 987 autem
1191 953 1392 998 computista
1415 953 1594 991 maximus,
1613 958 1647 986 et

232 1019 396 1065 temporis
425 1018 589 1054 transa&i
620 1017 891 1065 diligentiffimus
922 1017 1047 1058 censor,
1083 1017 1175 1063 quod
1205 1015 1384 1051 clariffima
1413 1021 1645 1055 monumenta,

233 1094 320 1127 quae
338 1083 453 1123 edidit,
472 1084 647 1129 probant.”
698 1083 728 1116 E
746 1083 869 1128 quibus
887 1086 1007 1116 extant
1024 1081 1175 1127 subjefi'ffl
1191 1094 1197 1115 :

378 1147 548 1181 Volumen
576 1146 705 1193 insigne
733 1146 981 1181 Chronicorum
1007 1145 1051 1179 ab
1079 1144 1219 1178 exordio
1245 1144 1363 1178 mundi
1390 1143 1493 1189 usque
1520 1143 1563 1177 ad
1589 1142 1647 1176 sua

425 1216 591 1256 tempora,
609 1211 667 1244 lib.
686 1221 739 1244 ΙΙΙ.

380 1275 431 1308 De
450 1274 703 1308 Concordantia
720 1273 1022 1319 Evangelistarum,
1043 1271 1100 1305 lib.
1120 1282 1141 1305 1.

380 1338 432 1372 De
451 1337 641 1372 Universali
659 1338 839 1383 Computo,
858 1336 915 1370 lib.
934 1347 956 1369 1.

380 1401 562 1438 Sermones
579 1401 674 1441 varii,
693 1406 728 1435 et

378 1465 500 1499 Plures
517 1465 561 1500 ad
578 1464 727 1499 diversos
744 1463 922 1510 Epistolae.

379 1529 646 1563 Emendationes
665 1527 824 1574 Dionysii,
843 1527 900 1561 lib.
919 1538 942 1560 1.

380 1593 432 1627 De
450 1604 575 1638 magno
593 1592 697 1638 Cyclo
714 1591 877 1630 Pasehali,
895 1590 951 1624 lib.
972 1601 993 1623 1.

381 1656 611 1702 Algorismum
629 1666 775 1702 quoque,
793 1654 850 1689 lib.
871 1665 893 1690 Ι.

383 1720 599 1755 Breviarium
616 1719 652 1753 in
670 1720 807 1759 Lucam,
825 1717 882 1752 lib.
900 1728 924 1751 1.

382 1784 633 1818 Annotationes
651 1783 916 1828 Scripturarum,
934 1781 992 1814 lib.
1011 1791 1033 1814 1.

239 1845 284 1880 Et
319 1847 485 1892 quaedam
519 1848 595 1882 alia.
663 1846 831 1881 Describit
870 1845 1044 1879 historiam
1087 1844 1311 1878 universalem
1345 1843 1424 1877 satis
1458 1843 1649 1889 diligenter,

239 1909 351 1955 inquit
388 1911 618 1946 Belial-minus
655 1911 696 1944 de
736 1909 966 1955 scriptoribus
1007 1908 1251 1945 Ecclefiastieis,
1295 1908 1350 1942 ied
1392 1908 1522 1953 primus
1564 1907 1650 1941 liber

241 1979 334 2008 earet
375 1976 551 2022 principio.
627 1973 848 2009 Continuavit
888 1973 959 2018 ejus
997 1972 1180 2006 Historiam
1220 1972 1439 2006 Dodechinus
1475 1972 1580 2005 abbas
1616 1971 1648 2004 S.

242 2037 403 2083 Dyfibodi
434 2039 539 2086 usque
568 2040 611 2074 ad
641 2050 769 2073 annum
804 2036 942 2071 Domini
979 2037 1081 2070 1200.
1149 2036 1349 2082 Moguntiae
1386 2036 1523 2069 demum
1555 2034 1649 2071 obiit,

241 2115 331 2136 anno
364 2103 616 2139 restaurationis
646 2103 817 2136 humanae
849 2103 952 2141 1086,
987 2099 1109 2135 aetatis
1140 2100 1217 2134 suae
1251 2112 1340 2134 anno
1375 2097 1651 2145 quinquagesimo

243 2168 386 2201 oei-avo:
414 2168 449 2202 in
473 2168 593 2214 majori
619 2166 748 2211 templo
776 2165 865 2212 apud
892 2165 934 2199 D.
960 2163 1150 2199 Martinum
1178 2163 1345 2210 sepelitur,
1373 2163 1453 2198 dum
1478 2162 1513 2195 in
1536 2161 1651 2196 Scotia

243 2237 403 2276 regnaret
420 2232 622 2267 Male-olmus
640 2229 785 2264 Tertius.
