1913 2692
591 204 652 233 DE
688 203 785 233 scm
793 201 1022 232 PTORIBUS
1057 201 1219 231 SCOTIS.
1601 206 1640 236 49

218 297 263 330 Et
297 296 374 335 alia,
409 301 447 329 ut
481 306 524 329 ex
559 293 695 328 Bostoni
730 291 901 327 Burienfis
934 292 1091 337 catalogo
1122 291 1239 337 liquet.
1307 292 1457 326 Tandem
1485 298 1630 327 mortem

217 371 295 394 cum
317 359 389 394 vita
405 356 630 392 commutavit
647 367 738 390 anno
755 354 895 390 Domini
913 357 992 394 598,
1012 354 1071 388 sub
1090 354 1224 388 Aidano
1242 366 1332 400 rege.

811 498 874 532 DE
898 498 921 532 J
924 497 1029 533 ONA.

212 612 331 647 JONAS
366 611 565 649 Monachus,
596 609 778 655 discipulus
808 608 1051 655 discipulorum
1081 608 1296 650 Columbani‚
1327 609 1391 643 viri
1425 608 1630 648 sanctissimL

213 681 248 710 et
274 676 308 709 in
335 673 611 721 peregrinatione
639 672 748 707 socius
774 672 978 713 individuus,
1005 685 1048 708 ex
1075 672 1190 707 Scotia
1214 673 1315 708 claris
1340 673 1540 720 parentibus
1565 673 1631 707 ori-

213 739 333 778 undus,
363 738 415 772 vir
444 737 616 777 studiosus,
647 735 811 775 eruditus,
842 740 877 769 et
902 735 1043 770 scientia
1072 736 1192 775 clarus,
1223 748 1293 770 non
1323 737 1436 771 minus
1465 736 1630 782 religione

213 816 316 850 quam
358 803 517 838 dofflina
555 801 769 841 venerabilis,
812 801 856 835 ad
897 800 1087 834 multorum
1127 800 1401 834 aedificationem
1438 801 1474 834 in
1508 800 1631 834 divinis

214 867 402 913 Scripturis
437 866 513 912 jugi
554 865 662 900 studio
701 863 919 903 exercitatus,
954 867 989 897 et
1022 862 1201 896 literarum
1238 862 1440 897 secularium
1479 876 1548 898 non
1583 864 1631 910 ig-

213 942 346 971 narus;
388 929 580 964 monasticis
622 928 727 963 etiam
767 927 949 973 disciplinis
991 926 1145 972 apprime
1188 926 1349 967 imbutus,
1392 939 1461 961 non
1503 928 1630 974 ingenii

211 999 357 1033 tantum,
391 993 447 1028 sed
486 998 521 1027 et
559 992 664 1027 animi
698 991 836 1026 dotibus
877 991 929 1024 vir
971 990 1125 1025 omnium
1166 990 1475 1037 praestantiflimus.
1543 992 1630 1026 Cum

211 1058 424 1093 Columbano
451 1061 673 1103 praeceptore
700 1055 758 1090 suo
788 1055 938 1090 Gallicas
966 1053 1067 1100 petiit
1096 1065 1182 1094 oras,
1212 1054 1328 1100 ibique
1354 1054 1390 1088 in
1417 1055 1628 1101 Burgundia‚

211 1127 246 1156 et
279 1121 423 1156 Luxovii
456 1120 639 1167 magnifico
682 1132 722 1154 ac
760 1119 924 1166 primario
963 1117 1177 1158 monasterio,
1211 1130 1232 1152 a
1265 1118 1479 1153 Columbano
1513 1120 1631 1153 erecto

211 1197 273 1231 pro
293 1185 490 1220 seminando
512 1196 575 1231 per
602 1184 721 1218 o'rbem
747 1183 920 1230 apostolici
944 1181 1082 1222 ordinis,
1106 1194 1176 1216 non
1202 1182 1432 1222 BenedictinL
1457 1182 1514 1217 sed
1542 1183 1631 1218 Con-

210 1249 291 1296 gelli
324 1238 541 1287 monachatu,
573 1260 652 1282 cum
684 1259 725 1282 eo
758 1245 951 1293 permanfit,
978 1246 1038 1281 ubi
1070 1246 1229 1292 primum,
1258 1246 1361 1292 juxta
1394 1246 1466 1292 ejus
1503 1246 1632 1281 ordinis

211 1313 344 1352 statuta,
369 1312 410 1346 de
439 1311 575 1346 suarum
601 1323 765 1346 manuum
791 1311 908 1345 labore
938 1310 974 1344 in
999 1321 1179 1344 commune
1204 1310 1374 1344 vivebant.
1421 1311 1525 1356 Apud
1555 1311 1631 1345 illos

211 1381 246 1410 et
279 1375 348 1422 ipse
379 1376 565 1410 manebat:
601 1375 659 1421 qui
691 1380 809 1409 tamen
843 1374 957 1420 postea
991 1385 1071 1408 cum
1104 1372 1261 1408 vidiffent
1295 1374 1464 1421 evangelii
1497 1374 1630 1410 fineeri-

211 1445 319 1475 tatem
354 1440 397 1474 ad
431 1439 506 1474 suas
540 1439 745 1485 cupiditates
785 1450 908 1484 parum
949 1437 1092 1477 adferre,
1134 1436 1195 1472 sub
1229 1438 1312 1472 ficto
1346 1438 1458 1472 statim
1491 1438 1631 1484 pietatis

211 1504 333 1543 colore,
359 1503 485 1537 blanda
514 1503 622 1549 magis
649 1514 752 1549 quam
780 1501 962 1542 salutifera,
989 1500 1111 1541 craffis‚
1143 1501 1293 1548 stupidis,
1322 1506 1357 1536 et
1384 1501 1512 1536 insulfis
1535 1502 1631 1537 audi-

212 1567 344 1602 toribus
378 1567 488 1601 indies
517 1567 764 1613 proponebant.
815 1566 901 1600 Erat
930 1569 1047 1599 autem
1076 1564 1133 1599 hic
1163 1564 1272 1599 Jonas
1301 1564 1505 1599 monasticae
1535 1564 1630 1599 disci-

212 1631 325 1678 plinae
358 1629 635 1665 studiofiffimus:
677 1635 819 1676 rogatus
852 1634 969 1663 autem
1002 1640 1023 1663 a
1055 1627 1219 1663 fratribus
1260 1628 1327 1662 suis
1368 1628 1554 1667 monachis,
1592 1634 1630 1662 ut

212 1694 380 1741 praediffi
409 1693 614 1729 Columbani
647 1693 753 1728 vitam
780 1691 1040 1728 memorabilem
1069 1703 1154 1726 aevo
1184 1697 1329 1726 venturo
1363 1692 1629 1731 commendaret,

212 1759 274 1793 has
314 1758 455 1804 scriptas
493 1757 749 1792 lucubrationes
784 1757 827 1791 ad
866 1756 962 1790 usum
1004 1755 1209 1801 posteritatis
1243 1755 1279 1789 in
1315 1755 1444 1789 chartis
1482 1755 1554 1801 post
1596 1755 1628 1789 se

213 1822 361 1868 reliquit,
380 1826 419 1855 ut
435 1821 603 1855 testantur
620 1821 705 1856 varii
723 1821 790 1855 fide
807 1820 901 1867 digni
918 1820 1097 1854 auctores:

358 1885 475 1920 Vitam
511 1884 547 1919 S.
579 1884 793 1924 Columbani,
833 1882 1065 1931 praeceptoris
1101 1882 1150 1917 sui
1191 1882 1341 1916 multum
1384 1882 1527 1922 colendi,
1571 1883 1627 1917 lib.

406 1960 523 1982 unum.

358 2012 475 2047 Vitam
502 2012 640 2047 Attalae
667 2011 837 2051 Monachi‚
863 2011 921 2046 lib.
948 2021 971 2045 1.

358 2076 474 2110 Vitam
502 2075 674 2110 Eustachii
701 2075 856 2115 Abbatis‚
884 2075 942 2109 lib.
970 2084 993 2108 1.
1020 2079 1055 2109 et
1081 2073 1264 2120 Bertulphi
1291 2074 1476 2113 Abbatum,
1503 2080 1537 2108 et
1565 2075 1628 2109 Co-

406 2140 560 2174 lumbani
580 2138 794 2179 sucefl'orum,
813 2139 870 2173 lib.
889 2149 912 2172 1.

213 2206 309 2246 Quae
335 2203 476 2238 excusae
504 2203 582 2238 sunt
608 2203 643 2238 in
667 2202 756 2237 Vitis
784 2202 991 2237 Sanctorum
1018 2200 1120 2241 Surii,
1147 2199 1325 2235 manifesto
1350 2211 1470 2235 eorum
1502 2212 1627 2241 errore,

1455 2323 1482 2347 Η
