1913 2692
659 190 720 220 DE
759 187 1092 219 SCRIPTORIBUS
1131 187 1293 217 SCOTIS.
1634 187 1691 215 115²,

272 284 307 318 in
335 281 521 318 Academia
545 278 741 325 Glasguensi
772 283 912 313 vocatus
943 277 998 317 est,
1030 277 1065 311 in
1096 289 1163 323 quo
1194 277 1305 314 officio
1335 276 1483 311 fideliter
1514 282 1549 310 ct
1581 277 1687 310 maxi-

271 358 328 382 mo
357 345 511 381 omnium
544 342 707 389 applausu
750 339 944 388 pennanfit,
983 341 1141 376 omnibus
1181 342 1363 376 doctorum
1400 339 1575 386 cujussibet
1610 352 1687 385 pro-

271 408 418 444 feffionis
455 406 632 442 ordinibus
672 391 868 444 carissinius,
911 403 1141 452 singularique
1180 404 1394 451 prudentiae,
1431 403 1684 439 moderationis.

271 479 307 508 et
343 471 527 518 sapientiae
570 469 717 510 nomine,
760 468 924 503 universis
961 469 1115 503 omnium
1149 469 1309 504 ordinum
1346 467 1542 502 hominibus
1585 479 1684 502 verae

270 542 374 583 atque
408 536 531 570 doctae
564 534 703 580 pietatis
736 533 891 567 encomio
924 532 1153 567 admirandus.
1222 532 1284 566 Vir
1314 532 1348 566 in
1382 536 1528 578 utraque
1559 531 1683 577 lingua.

270 600 392 635 Latina
421 604 456 634 et
490 599 631 638 Graeca,
659 597 812 632 absolute
846 597 978 634 doetus,
1012 602 1050 631 ut
1084 596 1172 630 hanc
1206 608 1273 630 non
1308 595 1421 629 minus
1457 600 1560 641 atque
1591 594 1684 629 illam

270 664 423 711 perfecte
453 669 488 697 et
517 660 763 709 promptiffime
793 660 917 699 sciret;
948 661 983 694 in
1009 660 1102 695 sacra
1131 659 1245 699 etiam,
1277 659 1311 693 id
1339 659 1385 694 est
1420 659 1588 699 Hebraea,
1621 659 1684 693 lin-

269 740 338 774 gua
366 738 533 773 perquam
563 725 726 760 eruditus
778 725 833 758 Ad
865 723 1098 770 philosophiae
1125 722 1222 757 simul
1256 727 1290 756 et
1320 722 1515 768 theologiae
1547 722 1684 757 culmen

271 789 464 838 progressus
492 789 573 823 fecit
602 793 674 823 tam
703 787 815 827 serios,
843 792 883 821 ut
911 797 1013 833 pares
1041 799 1112 822 non
1140 786 1249 821 solum
1278 786 1396 821 multis
1425 787 1497 833 post
1525 786 1558 821 se
1588 798 1685 832 parae

271 853 382 900 sangis
410 853 621 898 relinqueret
651 851 850 897 anticipans,
880 850 937 885 sed
966 856 1001 885 et
1030 850 1220 897 superiores
1253 856 1459 897 exuperaret
1490 851 1596 891 brevi,
1631 851 1683 884 vel

270 918 390 953 saltem
417 917 576 963 prosectu
600 915 818 961 adaequaret.
865 914 907 948 In
934 914 1051 949 studiis
1079 916 1247 950 bonarum
1278 915 1467 955 literarum,
1494 919 1529 949 et
1561 915 1597 948 in
1628 927 1686 949 ex-

270 981 398 1016 ercitiis
424 980 601 1019 virtutum,
627 980 671 1014 ab
698 978 770 1024 ipsa
793 978 922 1012 tenella
948 983 1061 1014 aetate
1086 979 1220 1025 semper
1245 983 1320 1013 erat
1347 978 1532 1025 diligenter
1557 979 1686 1013 enutri-

268 1051 346 1085 tus;
380 1050 419 1078 ut
448 1043 632 1078 accedente
660 1047 734 1076 tam
765 1041 880 1076 sedula
905 1041 1041 1077 cultura
1067 1042 1111 1077 ad
1139 1042 1268 1089 ingenii
1297 1042 1507 1083 felicitatem,
1538 1047 1574 1077 et
1602 1042 1685 1077 alias

270 1109 376 1143 bonas
414 1112 557 1142 naturae
591 1106 698 1146 dotes,
732 1117 802 1140 non
840 1105 967 1139 mirum
1000 1105 1041 1140 fit
1080 1106 1196 1141 omnia
1229 1118 1272 1140 ex
1305 1111 1386 1141 voto
1420 1106 1580 1152 prospere
1604 1106 1685 1155 ‘suc-

269 1171 401 1207 cesfiss'e.
468 1170 604 1205 Dicitur
636 1174 729 1204 certe
758 1167 854 1203 fuifl'e
883 1169 1104 1204 concionator
1131 1169 1298 1204 facundus
1331 1174 1366 1204 et
1401 1169 1593 1209 vehemens,
1622 1170 1686 1204 (lis-

269 1240 409 1282 putator
451 1233 591 1273 subtiliS,
631 1233 775 1279 scriptor
815 1244 884 1267 non
923 1233 1106 1280 inelegans.
1184 1233 1226 1268 In
1267 1233 1426 1268 omnibus
1465 1234 1513 1268 ita
1547 1234 1685 1269 Domini

270 1299 382 1334 zelum
411 1298 550 1337 zelatus,
576 1297 679 1344 idque
705 1297 891 1332 secuudum
915 1296 1100 1337 scientiam,
1128 1301 1169 1331 ut
1198 1297 1394 1342 ubicunque
1419 1296 1453 1332 se
1481 1297 1608 1332 obtulit
1631 1310 1685 1332 oc-

270 1361 365 1402 casm,
395 1366 431 1396 et
458 1361 494 1395 in
522 1359 743 1395 concionibus
768 1366 803 1395 et
828 1360 865 1395 in
895 1359 1189 1406 disputationibus,
1216 1366 1252 1396 et
1283 1360 1381 1395 libris
1409 1360 1514 1396 etiam
1543 1361 1684 1407 seriptis,

270 1425 425 1460 haereses
458 1430 493 1459 et
526 1424 717 1459 haereticos
750 1423 882 1470 semper
921 1423 1047 1460 acriter
1082 1425 1186 1460 fuerit
1225 1425 1419 1460 insectatus.
1487 1425 1685 1472 Composuit

269 1494 385 1524 autem
403 1489 458 1523 hic
475 1488 552 1534 pius
569 1493 604 1523 et
621 1488 777 1522 eruditus
795 1488 917 1522 doctor

414 1552 468 1588 De
486 1551 576 1586 veris
591 1551 691 1586 Notis
709 1563 809 1586 verae
827 1550 995 1586 Ecclesiae
1012 1551 1144 1592 Christi,
1162 1552 1220 1586 lib.

413 1615 616 1651 Paraenefin
645 1615 689 1650 ad
717 1615 867 1650 Jesuitas
900 1615 1021 1650 Scotos
1054 1615 1090 1649 in
1123 1615 1245 1651 Galliis
1274 1621 1534 1656 commorantes,
1570 1622 1608 1651 ut
1641 1618 1683 1652 ad

460 1679 631 1726 gremium
648 1690 749 1713 verae
766 1678 934 1713 Ecclesiae
952 1678 1114 1713 redirent.

413 1743 579 1778 Lecturas
596 1743 631 1776 in
650 1743 683 1776 S.
702 1742 904 1787 Scripturas.

414 1805 677 1852 Responfionem
695 1806 739 1840 ad
757 1805 1016 1846 Hamiltonium,
1035 1806 1092 1840 lib.

414 1869 598 1904 Historiam
630 1869 730 1904 Vitae
765 1874 800 1903 et
829 1869 952 1904 Obitus
981 1869 1126 1904 Joannis
1160 1870 1298 1905 Knoxii.

268 1935 314 1969 Et
347 1934 414 1969 alia
449 1933 622 1973 nonnulla,
663 1945 751 1979 quae
785 1933 839 1967 vel
874 1934 1039 1980 temporis
1071 1934 1196 1980 injuria
1235 1935 1289 1969 vel
1328 1935 1507 1969 hominum
1550 1936 1679 1971 incuria

267 1998 437 2033 desierunt
471 2008 678 2043 comparere.
745 1996 878 2032 Claruit
903 2009 992 2032 anno
1022 1997 1093 2044 post
1128 2003 1268 2044 partum
1300 1998 1440 2044 virginis
1473 1999 1573 2039 1570,
1604 2012 1679 2045 reg-

268 2067 371 2097 nante
389 2061 424 2096 in
442 2061 557 2096 Scotia
573 2060 706 2095 Jacobo
724 2059 839 2094 Sexto.
