1913 2692
577 200 638 229 DE
674 197 1005 229 SCRIPTORIBUS
1042 197 1203 227 SCOTlS.
1557 200 1597 237 57

193 291 282 330 dere,
313 296 348 325 et
384 289 474 337 quafi
504 289 670 335 contagiis
699 288 919 323 mortalitatis
951 292 1084 327 exutus,
1114 287 1276 333 angelicis
1305 288 1417 322 choris
1446 287 1602 323 interess'e

193 365 437 399 nonnunquam
456 352 637 386 videretur.
689 351 827 397 Scripfit
845 351 935 386 inter
951 356 1088 386 caetera
1104 351 1183 385 satis
1200 351 1385 397 composito
1403 352 1565 389 sermone,

337 417 389 450 De
420 415 516 449 Locis
546 415 670 449 Terrae
705 414 864 454 Sanctae,
894 415 950 449 lib.
980 426 1003 449 1.
1035 416 1126 461 quod
1157 416 1295 461 quidem
1325 416 1487 462 scriptum
1518 416 1603 450 Nor-

384 478 639 513 thumbriorum
656 478 728 524 regi
747 479 923 524 Alphredo
941 480 971 513 N
974 480 1056 514 otho
1073 480 1252 514 dedicavit.

337 543 389 576 De
408 542 484 577 Situ
503 542 725 582 Hierusalem,
744 542 801 577 lib.
819 553 842 576 1.

337 606 389 640 De
407 605 571 640 Paschate
589 606 752 652 legitimo,
771 606 827 640 lib.
847 617 869 640 1.

338 669 503 715 Epistolas
521 682 656 715 quoque
674 669 790 704 edidit.

194 734 248 767 Ab
274 734 338 768 hoc
364 733 494 767 Bedam
524 733 633 768 multa
660 732 827 779 sumpfiffe
854 738 888 767 et
916 732 982 767 suis
1009 734 1104 768 libris
1134 733 1304 769 inseruisse
1335 735 1486 769 tradunt.
1538 735 1604 769 Na-

194 805 292 832 turae
311 797 401 832 cessit
420 810 509 832 anno
529 797 668 832 Domini
687 799 755 832 699
774 797 834 831 sub
853 797 1115 831 Ambirkeletho
1134 798 1315 832 Scotorum
1333 811 1422 843 rege.

707 939 769 973 DE
795 938 1086 973 MAIDULPHO.

195 1052 427 1086 MADULPHUS
448 1051 673 1096 paedagogus,
697 1050 750 1085 vel
776 1050 1006 1096 Maidulphus,
1031 1051 1162 1092 smus,
1186 1052 1239 1086 vir
1260 1052 1397 1098 ingenio
1420 1052 1603 1099 singularis,

193 1116 315 1151 intima
345 1115 518 1161 theologia
552 1114 712 1155 imbutus,
752 1115 883 1150 Graece
923 1114 1112 1161 Latineque
1150 1115 1325 1162 infignjter
1361 1117 1493 1156 doctus,
1528 1130 1605 1151 cum

195 1180 290 1215 Italis
319 1185 353 1213 et
381 1179 489 1214 Gallis
519 1179 753 1213 Romanarum
777 1178 1055 1213 constitutionum
1080 1177 1267 1214 acerrimus
1297 1180 1451 1215 defensor
1480 1182 1604 1216 extitit.

195 1244 247 1278 De
273 1255 341 1289 quo
371 1242 413 1277 fic
442 1243 547 1277 habet
576 1243 768 1278 Gulielmus
798 1242 1102 1278 Malmeiburienfis
1131 1243 1166 1277 in
1195 1244 1276 1278 Vita
1308 1245 1482 1279 Aldhelmi
1512 1245 1606 1291 Epis-

195 1307 300 1352 copi:
347 1306 577 1352 Maidulphus‚
617 1306 736 1351 inquit,
780 1306 918 1340 natione
961 1306 1091 1346 Scotus,
1134 1319 1174 1341 ac
1222 1308 1329 1343 studio
1377 1309 1604 1355 philosophus,

195 1370 492 1405 Malmelburiense
532 1370 734 1404 coenobium
772 1370 862 1410 fecit,
905 1376 923 1388 ‘⁶
945 1370 1003 1415 qui
1047 1383 1125 1405 cum
1163 1372 1269 1406 natali
1307 1372 1376 1407 solo
1415 1373 1606 1408 voluntarie

197 1446 324 1474 carens,
355 1434 435 1468 illuc
469 1434 608 1468 tandem
638 1432 831 1474 deveniffet,
861 1433 1010 1468 nemoris
1040 1435 1258 1476 amoenitate,
1289 1437 1380 1482 quod
1409 1443 1492 1472 tunc
1521 1443 1607 1472 tem-

197 1498 289 1543 poris
318 1497 352 1531 in
380 1497 581 1531 immensum
607 1509 647 1531 eo
673 1496 738 1531 loci
767 1496 988 1538 succreverat,
1016 1504 1144 1545 captus,
1172 1501 1383 1536 eremiticam
1413 1502 1519 1537 vitam
1549 1515 1607 1537 ex—

198 1561 315 1596 ercuit.
360 1559 672 1606 Deficientibusque
702 1559 902 1600 necessariis,
932 1561 1100 1597 scholares
1129 1563 1165 1598 in
1195 1564 1432 1611 discipulatum
1465 1567 1605 1612 accepit,

198 1632 236 1660 ut
269 1638 312 1660 ex
346 1637 464 1659 eorum
497 1624 703 1659 liberalitate
739 1624 945 1659 tenuitatem
979 1626 1091 1661 victus
1125 1628 1320 1674 corrigeret.
1394 1630 1448 1663 Illi
1490 1636 1605 1664 autem

198 1690 403 1736 procedente
432 1694 587 1735 tempore
614 1688 763 1735 magistri
792 1688 960 1735 sequaceS,
987 1695 1021 1724 et
1047 1702 1089 1724 ex
1119 1691 1327 1727 scholaribus
1352 1693 1465 1728 effecti
1490 1706 1607 1729 mona-

199 1752 262 1791 ehi,
291 1752 325 1785 in
349 1756 555 1786 conventum
580 1763 649 1785 non
676 1751 838 1796 exiguum
869 1752 1078 1788 coaluerunt.
1130 1755 1264 1789 Horum
1290 1757 1447 1802 exemplo
1471 1763 1505 1791 et
1528 1770 1606 1792 con-

198 1815 301 1850 sortio
317 1815 518 1849 Aldhelmus
536 1815 764 1854 informatus,”
779 1820 842 1849 etc.
879 1815 1038 1851 Scholam
1056 1817 1162 1863 igitur
1178 1819 1350 1864 publicam
1368 1826 1439 1854 tam
1453 1821 1605 1856 Graecae

199 1891 301 1925 quam
331 1879 472 1913 Latinae
506 1878 642 1924 linguae
675 1878 819 1924 aperuit,
848 1884 883 1913 et
911 1884 1004 1915 artes
1037 1881 1204 1928 praelegit
1234 1882 1268 1916 in
1294 1884 1458 1919 coenobio
1487 1886 1531 1919 ab
1565 1898 1605 1920 eo

198 1943 379 1982 exstructo,
418 1942 510 1987 quod
544 1942 588 1976 ab
622 1953 662 1976 eo
696 1942 854 1989 deinceps
887 1954 957 1977 una
989 1955 1068 1978 cum
1101 1946 1186 1980 urbe
1220 1953 1486 1992 cognomentum
1519 1950 1605 1984 acci-

198 2007 302 2053 piens,
334 2005 651 2052 Maildulphesbery,
681 2005 746 2040 hoc
775 2006 821 2040 est
850 2006 1041 2053 Maidulphi
1074 2009 1177 2048 curia,
1210 2021 1301 2044 nunc
1330 2022 1412 2044 vero
1444 2018 1604 2058 corrupte

198 2068 434 2115 Malmessimy,
466 2069 500 2103 in
532 2069 581 2103 rei
608 2069 718 2115 gestae
748 2069 948 2104 memoriam
974 2071 1155 2106 diceretur.
1224 2073 1325 2108 Hunc
1355 2074 1603 2120 Maidulphum‚

199 2135 288 2169 inter
312 2133 443 2167 nobiles
469 2132 517 2166 sui
545 2133 619 2167 aevi
641 2133 885 2179 grammaticae
908 2133 1116 2179 professores,
1144 2136 1265 2170 summi
1294 2137 1441 2172 nominis
1463 2139 1604 2174 celebri-

198 2202 278 2235 tate,
305 2201 339 2230 et
365 2195 555 2230 incredibili
580 2196 776 2230 auditorum
801 2196 994 2242 firequentia
1019 2199 1207 2240 docentem,
1234 2206 1378 2236 externa
1405 2202 1603 2248 praesertim

194 2260 356 2304 juventus
385 2259 485 2294 effuse
514 2259 713 2300 mirabatur,
747 2271 826 2295 cum
855 2271 899 2295 ex
925 2260 1035 2296 multa
1063 2262 1211 2298 lectione
1241 2263 1398 2311 felicique
1428 2267 1601 2308 memoria,

1412 2323 1426 2347 1
