1913 2692
273 229 314 260 60
667 228 730 257 DE
765 224 1097 258 SCRIPTORIBUS
1131 222 1294 254 SCOTIS.

467 319 630 359 Tertium,
666 318 709 353 ad
739 317 939 353 Zachariam
968 316 1132 355 Primum,
1161 315 1206 349 ad
1235 313 1448 359 Stephanum
1478 311 1681 351 Secundum,

468 383 526 417 lib.
545 393 568 416 1.

421 447 473 481 De
491 445 681 491 Religionis
699 444 900 483 Sanctitate,
919 443 976 477 lib.
994 452 1017 476 1.

422 510 474 544 De
493 510 610 544 Rebus
627 506 803 546 Ecclefiae,
821 506 878 540 lib.
897 516 920 540 1.

423 573 553 607 Contra
570 570 780 609 Haereticos‚
798 569 855 603 lib.
875 579 897 602 1.
916 568 988 602 MS.
1006 569 1042 602 in
1060 567 1263 602 Monasterio
1280 566 1447 601 Fuldenfi.

424 635 479 669 Ad
496 635 709 669 Cudbertum
728 631 1028 678 Archiepiscopum
1046 632 1087 666 de
1106 631 1362 666 Reformatione
1380 631 1471 665 Cleri
1491 630 1648 676 Epistola.

281 701 325 734 Et
348 699 415 734 alia
443 698 561 738 multa,
592 698 635 732 de
660 697 784 743 quibus
810 696 887 730 vide
914 696 1040 730 librum
1063 694 1213 729 nostrum
1238 694 1280 728 dc
1304 693 1535 739 Scriptoribus
1557 693 1687 727 nostrae

280 763 401 809 gentis.
464 762 668 808 Martyrium
698 759 809 807 passus
836 760 883 794 est
912 771 990 793 non.
1022 759 1103 792 Jun.
1131 769 1221 792 anno
1255 757 1327 791 nati
1359 757 1480 791 Christi
1516 757 1593 795 755,
1629 756 1689 790 sub

283 827 422 861 Ethfino
439 838 519 872 rege
538 825 728 861 Scotorum.

834 966 897 1000 DE
923 965 1011 1000 ALC
1017 965 1137 1000 UINO.

287 1081 474 1114 ALCUINUS
495 1078 625 1118 Scotus,
652 1078 687 1112 in
711 1077 849 1124 epistola
872 1076 963 1112 enim
989 1085 1095 1110 XXVI.
1114 1074 1182 1121 ipse
1205 1074 1238 1108 se
1263 1074 1444 1108 Scotorum
1471 1073 1692 1108 vernaculum

286 1148 394 1181 vocat,
427 1142 492 1176 hoc
526 1142 581 1181 est,
616 1142 734 1181 civem,
776 1140 964 1175 monachus
996 1144 1031 1173 et
1070 1139 1240 1178 diaconus,
1283 1138 1387 1172 abbas
1429 1137 1621 1171 monasterii
1659 1137 1691 1171 S.

287 1206 427 1240 Martini
462 1204 687 1239 Thuronenfis
725 1217 768 1238 ex
810 1204 938 1243 Levita,
977 1203 1090 1238 dictus
1131 1202 1236 1236 etiam
1275 1202 1417 1235 Flaccus
1451 1201 1605 1240 Albinus,
1641 1201 1694 1234 vel

287 1269 400 1315 potius
441 1269 603 1308 Albanus,
647 1281 689 1303 ex
731 1268 789 1302 illa
830 1273 928 1314 parte
963 1265 1168 1300 Hibernicae
1207 1264 1341 1299 Scotiae
1377 1265 1470 1299 dieta
1509 1265 1694 1298 Bredalbin

288 1333 470 1372 oriundus3
501 1333 536 1366 in
565 1332 687 1366 Latina
714 1332 832 1377 lingua
860 1343 922 1365 nos
951 1341 1111 1364 vocamus
1137 1328 1329 1368 Albaniam,
1360 1329 1450 1362 unde
1476 1332 1550 1362 tota
1581 1327 1695 1362 Scotia

287 1395 476 1441 antiquitus
506 1395 599 1430 dicta
629 1395 675 1429 est
702 1394 858 1428 Albania.
909 1393 1091 1438 Postquam
1123 1392 1295 1426 institutus
1320 1391 1431 1426 fuisset
1461 1391 1551 1426 inter
1580 1403 1696 1426 mona-

288 1460 368 1493 chos
402 1458 555 1493 Huenses
589 1458 624 1492 in
658 1457 765 1492 insula
795 1458 837 1491 de
868 1457 956 1502 Huy,
987 1455 1102 1490 miffus
1137 1455 1183 1489 est
1217 1455 1261 1489 ad
1290 1455 1520 1490 venerabilem
1554 1455 1694 1494 Bedam,

289 1535 390 1568 quem
417 1522 476 1556 diu
506 1521 640 1556 Scotiae
670 1521 816 1555 incolam
846 1519 941 1554 fuisse
975 1520 1126 1559 constat;
1161 1524 1196 1553 et
1228 1518 1340 1564 primo
1373 1518 1465 1552 illius
1493 1518 1694 1564 magisterio,

288 1586 402 1632 postea
430 1585 573 1631 Egberti
600 1584 842 1630 archiepiscopi
870 1582 1100 1622 Eboracenfis‚
1135 1582 1292 1622 traditur,
1320 1583 1412 1628 apud
1441 1594 1526 1628 quos
1555 1587 1630 1616 tum
1660 1582 1694 1616 in

289 1649 390 1684 sacris
414 1649 539 1689 studiis,
565 1654 640 1683 tum
667 1648 702 1682 in
728 1647 886 1694 profanis,
918 1659 986 1681 non
1013 1646 1236 1692 poenitendos
1260 1646 1341 1680 fecit
1366 1645 1566 1692 progreffus.
1634 1646 1695 1680 Vir

289 1713 364 1759 pius
390 1718 425 1747 et
457 1712 611 1759 apprime
641 1712 773 1752 doctuS,
805 1716 908 1757 atque
938 1710 973 1744 in
1000 1710 1093 1744 omni
1118 1709 1219 1755 plane
1245 1709 1452 1754 optimarum
1478 1708 1695 1743 scientiarum

289 1788 414 1823 genere
452 1775 697 1815 versatiffimus,
737 1772 1006 1821 praestantissimi
1047 1772 1174 1818 ingenii
1208 1772 1345 1807 dotibus
1377 1772 1568 1807 sublimiter
1600 1784 1696 1818 prae-

291 1840 389 1879 ditus,
422 1839 638 1873 inferioribus
670 1838 721 1872 rei
754 1837 926 1872 literariae
953 1836 1144 1882 disciplinis,
1172 1848 1241 1870 una
1270 1848 1348 1870 cum
1377 1835 1629 1870 mathematicis
1657 1848 1697 1870 ac

291 1902 434 1937 caeteris
466 1901 717 1947 philosophicae
754 1899 963 1947 professionis
994 1899 1149 1938 scientiis,
1183 1899 1368 1933 admodum
1401 1899 1546 1933 feliciter
1579 1899 1695 1945 partis,

291 1970 384 1999 totus
417 1964 518 1999 sacris
549 1964 664 1998 studiis
698 1963 861 1998 incubuit.
928 1963 1037 1997 Poeta
1070 1963 1215 2009 elegans,
1250 1963 1368 1997 rhetor
1401 1962 1553 2001 disertus,
1587 1962 1696 2008 philo-

290 2028 412 2074 sophus
437 2033 566 2067 acutus,
597 2026 785 2073 disputator
813 2026 952 2066 subtilis,
979 2026 1198 2061 concionator
1222 2026 1396 2067 facundus,
1423 2027 1458 2060 in
1485 2027 1578 2060 omni
1603 2027 1696 2061 deni-

292 2104 356 2137 que
386 2091 539 2125 sermone
566 2090 675 2124 tersus
704 2095 739 2124 et
765 2090 918 2135 politus3
951 2089 1013 2123 has
1042 2089 1133 2124 enim
1160 2089 1315 2124 scientias
1344 2089 1404 2123 sub
1434 2089 1571 2135 optimis
1599 2101 1696 2135 prae-

292 2154 485 2199 ceptoribus
510 2153 629 2188 didicit
654 2159 688 2188 et
713 2158 785 2188 tam
812 2158 952 2188 acurate
977 2153 1105 2193 calluit,
1131 2157 1170 2187 ut
1195 2152 1279 2187 alios
1301 2152 1434 2187 easdem
1456 2152 1573 2198 postea
1596 2153 1697 2199 digne

292 2217 461 2252 docuerit:
488 2218 529 2251 de
547 2228 615 2262 quo
632 2216 794 2252 Bebelius
811 2216 846 2251 in
864 2217 1010 2262 quadam
1028 2216 1238 2262 praefatione
1255 2216 1320 2250 hoc
1336 2215 1469 2250 scribit:
1490 2222 1508 2235 “
1524 2215 1696 2256 Albinus‚⁷’
