<?xml version="1.0" encoding="UTF-8"?>
<!DOCTYPE html PUBLIC "-//W3C//DTD XHTML 1.0 Transitional//EN"
    "http://www.w3.org/TR/xhtml1/DTD/xhtml1-transitional.dtd">
<html xmlns="http://www.w3.org/1999/xhtml" xml:lang="en" lang="en">
 <head>
  <title>
</title>
<meta http-equiv="Content-Type" content="text/html;charset=utf-8" />
  <meta name='ocr-system' content='tesseract 3.04.00' />
  <meta name='ocr-capabilities' content='ocr_page ocr_carea ocr_par ocr_line ocrx_word'/>
</head>
<body>
  <div class='ocr_page' id='page_1' title='image "./davidisbuchanani00bann_0119.png"; bbox 0 0 1913 2692; ppageno 0'>
   <div class='ocr_carea' id='block_1_1' title="bbox 590 241 1622 280">
    <p class='ocr_par' dir='ltr' id='par_1_1' title="bbox 590 241 1622 280">
     <span class='ocr_line' id='line_1_1' title="bbox 590 241 1622 280; baseline -0.006 -6"><span class='ocrx_word' id='word_1_1' title='bbox 590 245 652 274; x_wconf 86' lang='lat' dir='ltr'>DE</span> <span class='ocrx_word' id='word_1_2' title='bbox 687 241 1021 274; x_wconf 83' lang='lat' dir='ltr'>SCRIPTORIBUS</span> <span class='ocrx_word' id='word_1_3' title='bbox 1057 241 1219 272; x_wconf 90' lang='lat' dir='ltr'>SCOTIS.</span> <span class='ocrx_word' id='word_1_4' title='bbox 1582 243 1622 280; x_wconf 84' lang='lat'>97</span> 
     </span>
    </p>
   </div>
   <div class='ocr_carea' id='block_1_2' title="bbox 160 330 1620 2303">
    <p class='ocr_par' dir='ltr' id='par_1_2' title="bbox 160 330 1620 1536">
     <span class='ocr_line' id='line_1_2' title="bbox 200 330 1617 379; baseline -0.004 -7"><span class='ocrx_word' id='word_1_5' title='bbox 200 336 316 372; x_wconf 82' lang='lat' dir='ltr'>salutis</span> <span class='ocrx_word' id='word_1_6' title='bbox 358 337 450 371; x_wconf 87' lang='grc'>1499</span> <span class='ocrx_word' id='word_1_7' title='bbox 493 335 536 370; x_wconf 90' lang='lat' dir='ltr'>ad</span> <span class='ocrx_word' id='word_1_8' title='bbox 577 333 755 368; x_wconf 89' lang='lat' dir='ltr'>meliorem</span> <span class='ocrx_word' id='word_1_9' title='bbox 793 333 928 379; x_wconf 85' lang='lat' dir='ltr'>frugem</span> <span class='ocrx_word' id='word_1_10' title='bbox 973 338 1009 368; x_wconf 88' lang='lat' dir='ltr'>et</span> <span class='ocrx_word' id='word_1_11' title='bbox 1052 331 1143 367; x_wconf 87' lang='lat' dir='ltr'>vitae</span> <span class='ocrx_word' id='word_1_12' title='bbox 1178 330 1380 371; x_wconf 76' lang='lat' dir='ltr'>institutum,</span> <span class='ocrx_word' id='word_1_13' title='bbox 1416 330 1534 366; x_wconf 88' lang='lat' dir='ltr'>accitis</span> <span class='ocrx_word' id='word_1_14' title='bbox 1576 343 1617 366; x_wconf 83' lang='lat' dir='ltr'>ex</span> 
     </span>
     <span class='ocr_line' id='line_1_3' title="bbox 202 394 1619 443; baseline -0.004 -8"><span class='ocrx_word' id='word_1_15' title='bbox 202 400 345 435; x_wconf 85' lang='lat' dir='ltr'><strong>Mantua</strong></span> <span class='ocrx_word' id='word_1_16' title='bbox 382 397 524 433; x_wconf 81' lang='lat' dir='ltr'>novellis</span> <span class='ocrx_word' id='word_1_17' title='bbox 561 397 813 432; x_wconf 86' lang='lat' dir='ltr'>Carmelitanae</span> <span class='ocrx_word' id='word_1_18' title='bbox 854 396 968 431; x_wconf 61' lang='lat' dir='ltr'>seetae</span> <span class='ocrx_word' id='word_1_19' title='bbox 1010 395 1260 443; x_wconf 75' lang='lat' dir='ltr'>professoribus,</span> <span class='ocrx_word' id='word_1_20' title='bbox 1302 394 1534 442; x_wconf 87' lang='lat' dir='ltr'>compelleret,</span> <span class='ocrx_word' id='word_1_21' title='bbox 1577 407 1619 430; x_wconf 85' lang='lat' dir='ltr'>ex</span> 
     </span>
     <span class='ocr_line' id='line_1_4' title="bbox 201 458 1620 509; baseline -0.003 -11"><span class='ocrx_word' id='word_1_22' title='bbox 201 464 267 498; x_wconf 87' lang='lat' dir='ltr'>illis</span> <span class='ocrx_word' id='word_1_23' title='bbox 305 462 425 509; x_wconf 87' lang='lat' dir='ltr'>viginti</span> <span class='ocrx_word' id='word_1_24' title='bbox 465 462 598 496; x_wconf 90' lang='lat' dir='ltr'>duobus</span> <span class='ocrx_word' id='word_1_25' title='bbox 633 461 820 508; x_wconf 85' lang='lat' dir='ltr'>juvenibus</span> <span class='ocrx_word' id='word_1_26' title='bbox 858 460 1016 500; x_wconf 85' lang='lat' dir='ltr'>studiofis,</span> <span class='ocrx_word' id='word_1_27' title='bbox 1058 472 1143 507; x_wconf 90' lang='lat' dir='ltr'>quos</span> <span class='ocrx_word' id='word_1_28' title='bbox 1185 471 1228 495; x_wconf 88' lang='lat' dir='ltr'>ex</span> <span class='ocrx_word' id='word_1_29' title='bbox 1269 459 1448 507; x_wconf 66' lang='lat' dir='ltr'>praedicto</span> <span class='ocrx_word' id='word_1_30' title='bbox 1490 458 1620 494; x_wconf 89' lang='lat' dir='ltr'>Montis</span> 
     </span>
     <span class='ocr_line' id='line_1_5' title="bbox 202 523 1619 573; baseline -0.004 -11"><span class='ocrx_word' id='word_1_31' title='bbox 202 527 303 562; x_wconf 83' lang='lat' dir='ltr'>Acuti</span> <span class='ocrx_word' id='word_1_32' title='bbox 338 526 491 573; x_wconf 88' lang='lat' dir='ltr'>Collegio</span> <span class='ocrx_word' id='word_1_33' title='bbox 524 526 568 560; x_wconf 83' lang='lat' dir='ltr'>ad</span> <span class='ocrx_word' id='word_1_34' title='bbox 601 537 677 560; x_wconf 84' lang='lat' dir='ltr'>eam</span> <span class='ocrx_word' id='word_1_35' title='bbox 711 525 959 571; x_wconf 82' lang='lat' dir='ltr'>plantationem</span> <span class='ocrx_word' id='word_1_36' title='bbox 993 536 1117 560; x_wconf 87' lang='lat' dir='ltr'>novam</span> <span class='ocrx_word' id='word_1_37' title='bbox 1150 529 1342 571; x_wconf 81' lang='lat' dir='ltr'>paraverat,</span> <span class='ocrx_word' id='word_1_38' title='bbox 1377 529 1412 558; x_wconf 90' lang='lat' dir='ltr'>et</span> <span class='ocrx_word' id='word_1_39' title='bbox 1445 523 1501 558; x_wconf 89' lang='lat' dir='ltr'>hic</span> <span class='ocrx_word' id='word_1_40' title='bbox 1531 535 1619 557; x_wconf 80' lang='lat' dir='ltr'>unus</span> 
     </span>
     <span class='ocr_line' id='line_1_6' title="bbox 199 587 1619 637; baseline -0.004 -11"><span class='ocrx_word' id='word_1_41' title='bbox 199 590 294 626; x_wconf 82' lang='lat' dir='ltr'>fuiffe</span> <span class='ocrx_word' id='word_1_42' title='bbox 324 591 533 637; x_wconf 79' lang='lat' dir='ltr'>perhibetur.</span> <span class='ocrx_word' id='word_1_43' title='bbox 585 589 705 624; x_wconf 84' lang='lat' dir='ltr'>Postea</span> <span class='ocrx_word' id='word_1_44' title='bbox 738 589 884 624; x_wconf 86' lang='lat' dir='ltr'>Mariam</span> <span class='ocrx_word' id='word_1_45' title='bbox 914 588 1105 624; x_wconf 82' lang='lat' dir='ltr'>Galliarum</span> <span class='ocrx_word' id='word_1_46' title='bbox 1136 589 1299 635; x_wconf 84' lang='lat' dir='ltr'>reginam,</span> <span class='ocrx_word' id='word_1_47' title='bbox 1330 587 1491 623; x_wconf 85' lang='lat' dir='ltr'>Lodovici</span> <span class='ocrx_word' id='word_1_48' title='bbox 1526 588 1619 622; x_wconf 91' lang='lat' dir='ltr'>Duo-</span> 
     </span>
     <span class='ocr_line' id='line_1_7' title="bbox 201 650 1618 702; baseline -0.004 -12"><span class='ocrx_word' id='word_1_49' title='bbox 201 655 323 690; x_wconf 89' lang='lat' dir='ltr'>decimi</span> <span class='ocrx_word' id='word_1_50' title='bbox 358 654 520 702; x_wconf 78' lang='lat' dir='ltr'>sponsam,</span> <span class='ocrx_word' id='word_1_51' title='bbox 555 658 591 688; x_wconf 87' lang='lat' dir='ltr'>et</span> <span class='ocrx_word' id='word_1_52' title='bbox 626 653 764 688; x_wconf 75' lang='grc' dir='ltr'>Πρω-ἰοὶ</span> <span class='ocrx_word' id='word_1_53' title='bbox 804 653 927 688; x_wconf 66' lang='lat' dir='ltr'>Octavi</span> <span class='ocrx_word' id='word_1_54' title='bbox 965 653 1156 699; x_wconf 83' lang='lat' dir='ltr'>Anglorum</span> <span class='ocrx_word' id='word_1_55' title='bbox 1195 651 1286 699; x_wconf 87' lang='lat' dir='ltr'>regis</span> <span class='ocrx_word' id='word_1_56' title='bbox 1321 651 1480 691; x_wconf 86' lang='lat' dir='ltr'>sororem,</span> <span class='ocrx_word' id='word_1_57' title='bbox 1521 650 1618 697; x_wconf 86' lang='lat' dir='ltr'>infig-</span> 
     </span>
     <span class='ocr_line' id='line_1_8' title="bbox 200 715 1618 762; baseline -0.004 -7"><span class='ocrx_word' id='word_1_58' title='bbox 200 732 278 754; x_wconf 91' lang='lat' dir='ltr'>nem</span> <span class='ocrx_word' id='word_1_59' title='bbox 314 720 550 754; x_wconf 83' lang='lat' dir='ltr'>Maecenatem</span> <span class='ocrx_word' id='word_1_60' title='bbox 582 724 616 752; x_wconf 88' lang='lat' dir='ltr'>et</span> <span class='ocrx_word' id='word_1_61' title='bbox 646 717 832 752; x_wconf 85' lang='lat' dir='ltr'>studiorum</span> <span class='ocrx_word' id='word_1_62' title='bbox 862 717 999 752; x_wconf 89' lang='lat' dir='ltr'>suorum</span> <span class='ocrx_word' id='word_1_63' title='bbox 1032 717 1213 751; x_wconf 82' lang='lat' dir='ltr'>fautricem</span> <span class='ocrx_word' id='word_1_64' title='bbox 1242 716 1382 756; x_wconf 86' lang='lat' dir='ltr'>habens,</span> <span class='ocrx_word' id='word_1_65' title='bbox 1413 715 1485 762; x_wconf 86' lang='lat' dir='ltr'>post</span> <span class='ocrx_word' id='word_1_66' title='bbox 1519 726 1618 762; x_wconf 84' lang='lat' dir='ltr'>argu-</span> 
     </span>
     <span class='ocr_line' id='line_1_9' title="bbox 201 778 1618 829; baseline -0.004 -10"><span class='ocrx_word' id='word_1_67' title='bbox 201 790 254 819; x_wconf 83' lang='lat' dir='ltr'>tas</span> <span class='ocrx_word' id='word_1_68' title='bbox 296 789 331 818; x_wconf 87' lang='lat' dir='ltr'>et</span> <span class='ocrx_word' id='word_1_69' title='bbox 364 782 512 829; x_wconf 86' lang='lat' dir='ltr'>spinosas</span> <span class='ocrx_word' id='word_1_70' title='bbox 549 782 583 816; x_wconf 89' lang='lat' dir='ltr'>in</span> <span class='ocrx_word' id='word_1_71' title='bbox 617 793 741 827; x_wconf 83' lang='lat' dir='ltr'>magna</span> <span class='ocrx_word' id='word_1_72' title='bbox 781 781 938 815; x_wconf 90' lang='lat' dir='ltr'>Sorbona</span> <span class='ocrx_word' id='word_1_73' title='bbox 970 780 1252 820; x_wconf 83' lang='lat' dir='ltr'>concertationes,</span> <span class='ocrx_word' id='word_1_74' title='bbox 1288 778 1500 826; x_wconf 81' lang='lat' dir='ltr'>theologicos</span> <span class='ocrx_word' id='word_1_75' title='bbox 1542 790 1618 824; x_wconf 83' lang='lat' dir='ltr'>gra-</span> 
     </span>
     <span class='ocr_line' id='line_1_10' title="bbox 200 842 1616 891; baseline -0.004 -8"><span class='ocrx_word' id='word_1_76' title='bbox 200 849 262 883; x_wconf 81' lang='lat' dir='ltr'>dus</span> <span class='ocrx_word' id='word_1_77' title='bbox 304 854 337 882; x_wconf 91' lang='lat' dir='ltr'>et</span> <span class='ocrx_word' id='word_1_78' title='bbox 380 846 593 882; x_wconf 64' lang='lat' dir='ltr'>doetoralem</span> <span class='ocrx_word' id='word_1_79' title='bbox 635 845 787 880; x_wconf 85' lang='lat' dir='ltr'>lauream</span> <span class='ocrx_word' id='word_1_80' title='bbox 830 844 981 891; x_wconf 84' lang='lat' dir='ltr'>suscepit.</span> <span class='ocrx_word' id='word_1_81' title='bbox 1032 844 1124 878; x_wconf 88' lang='lat' dir='ltr'>Hinc</span> <span class='ocrx_word' id='word_1_82' title='bbox 1168 843 1370 879; x_wconf 87' lang='lat' dir='ltr'>constitutus</span> <span class='ocrx_word' id='word_1_83' title='bbox 1404 843 1451 878; x_wconf 90' lang='lat' dir='ltr'>est</span> <span class='ocrx_word' id='word_1_84' title='bbox 1485 842 1616 881; x_wconf 83' lang='lat' dir='ltr'>Albiae‚</span> 
     </span>
     <span class='ocr_line' id='line_1_11' title="bbox 200 906 1618 954; baseline -0.004 -7"><span class='ocrx_word' id='word_1_85' title='bbox 200 912 392 951; x_wconf 69' lang='lat' dir='ltr'>Memmiae,</span> <span class='ocrx_word' id='word_1_86' title='bbox 422 922 461 946; x_wconf 82' lang='lat' dir='ltr'>ac</span> <span class='ocrx_word' id='word_1_87' title='bbox 490 909 628 945; x_wconf 86' lang='lat' dir='ltr'>Tolosae</span> <span class='ocrx_word' id='word_1_88' title='bbox 658 908 707 943; x_wconf 75' lang='lat' dir='ltr'>sui</span> <span class='ocrx_word' id='word_1_89' title='bbox 737 908 866 943; x_wconf 82' lang='lat' dir='ltr'>ordinis</span> <span class='ocrx_word' id='word_1_90' title='bbox 896 908 1154 948; x_wconf 86' lang='lat' dir='ltr'>coenobiarcha,</span> <span class='ocrx_word' id='word_1_91' title='bbox 1185 914 1220 942; x_wconf 88' lang='lat' dir='ltr'>et</span> <span class='ocrx_word' id='word_1_92' title='bbox 1248 907 1446 954; x_wconf 68' lang='lat' dir='ltr'>praedietae</span> <span class='ocrx_word' id='word_1_93' title='bbox 1477 906 1618 941; x_wconf 87' lang='lat' dir='ltr'>Albien-</span> 
     </span>
     <span class='ocr_line' id='line_1_12' title="bbox 199 969 1618 1022; baseline -0.005 -11"><span class='ocrx_word' id='word_1_94' title='bbox 199 977 238 1011; x_wconf 82' lang='lat' dir='ltr'>slS</span> <span class='ocrx_word' id='word_1_95' title='bbox 279 988 341 1022; x_wconf 88' lang='lat' dir='ltr'>per</span> <span class='ocrx_word' id='word_1_96' title='bbox 383 987 440 1010; x_wconf 86' lang='lat' dir='ltr'>eas</span> <span class='ocrx_word' id='word_1_97' title='bbox 481 979 596 1021; x_wconf 84' lang='lat' dir='ltr'>partes</span> <span class='ocrx_word' id='word_1_98' title='bbox 638 972 890 1007; x_wconf 77' lang='lat' dir='ltr'>reformationis</span> <span class='ocrx_word' id='word_1_99' title='bbox 931 971 1087 1006; x_wconf 84' lang='lat' dir='ltr'>vicarius.</span> <span class='ocrx_word' id='word_1_100' title='bbox 1138 971 1220 1006; x_wconf 87' lang='lat' dir='ltr'>Fuit</span> <span class='ocrx_word' id='word_1_101' title='bbox 1261 971 1398 1017; x_wconf 80' lang='lat' dir='ltr'>insuper</span> <span class='ocrx_word' id='word_1_102' title='bbox 1439 969 1618 1005; x_wconf 79' lang='lat' dir='ltr'>Francisco</span> 
     </span>
     <span class='ocr_line' id='line_1_13' title="bbox 198 1034 1617 1085; baseline -0.004 -10"><span class='ocrx_word' id='word_1_103' title='bbox 198 1040 389 1075; x_wconf 84' lang='lat' dir='ltr'>Galliarum</span> <span class='ocrx_word' id='word_1_104' title='bbox 418 1038 491 1085; x_wconf 88' lang='lat' dir='ltr'>regi</span> <span class='ocrx_word' id='word_1_105' title='bbox 521 1051 542 1073; x_wconf 88' lang='lat' dir='ltr'>a</span> <span class='ocrx_word' id='word_1_106' title='bbox 571 1036 797 1072; x_wconf 78' lang='lat' dir='ltr'>eonscientiae</span> <span class='ocrx_word' id='word_1_107' title='bbox 825 1035 971 1070; x_wconf 87' lang='lat' dir='ltr'>secretis.</span> <span class='ocrx_word' id='word_1_108' title='bbox 1023 1035 1085 1070; x_wconf 86' lang='lat' dir='ltr'>Vir</span> <span class='ocrx_word' id='word_1_109' title='bbox 1112 1034 1205 1070; x_wconf 88' lang='lat' dir='ltr'>mitis</span> <span class='ocrx_word' id='word_1_110' title='bbox 1233 1041 1267 1070; x_wconf 90' lang='lat' dir='ltr'>et</span> <span class='ocrx_word' id='word_1_111' title='bbox 1294 1034 1500 1074; x_wconf 85' lang='lat' dir='ltr'>mansuetus,</span> <span class='ocrx_word' id='word_1_112' title='bbox 1528 1035 1617 1069; x_wconf 62' lang='lat' dir='ltr'>witae</span> 
     </span>
     <span class='ocr_line' id='line_1_14' title="bbox 198 1098 1616 1151; baseline -0.004 -12"><span class='ocrx_word' id='word_1_113' title='bbox 198 1103 450 1151; x_wconf 86' lang='lat' dir='ltr'>integerrimae,</span> <span class='ocrx_word' id='word_1_114' title='bbox 476 1113 621 1149; x_wconf 88' lang='lat' dir='ltr'>magnae</span> <span class='ocrx_word' id='word_1_115' title='bbox 648 1100 806 1136; x_wconf 61' lang='lat' dir='ltr'>leetionis</span> <span class='ocrx_word' id='word_1_116' title='bbox 831 1106 865 1135; x_wconf 90' lang='lat' dir='ltr'>et</span> <span class='ocrx_word' id='word_1_117' title='bbox 891 1099 1080 1139; x_wconf 65' lang='lat' dir='ltr'>doetrinae,</span> <span class='ocrx_word' id='word_1_118' title='bbox 1105 1099 1236 1134; x_wconf 88' lang='lat' dir='ltr'>multae</span> <span class='ocrx_word' id='word_1_119' title='bbox 1262 1098 1440 1134; x_wconf 88' lang='lat' dir='ltr'>charitatis</span> <span class='ocrx_word' id='word_1_120' title='bbox 1465 1103 1499 1133; x_wconf 85' lang='lat' dir='ltr'>et</span> <span class='ocrx_word' id='word_1_121' title='bbox 1532 1098 1616 1134; x_wconf 83' lang='lat' dir='ltr'>zeli:</span> 
     </span>
     <span class='ocr_line' id='line_1_15' title="bbox 160 1162 1616 1213; baseline -0.005 -10"><span class='ocrx_word' id='word_1_122' title='bbox 160 1202 166 1204; x_wconf 76' lang='grc'>,</span> <span class='ocrx_word' id='word_1_123' title='bbox 198 1170 232 1203; x_wconf 92' lang='lat' dir='ltr'>in</span> <span class='ocrx_word' id='word_1_124' title='bbox 267 1167 390 1202; x_wconf 87' lang='lat' dir='ltr'>divinis</span> <span class='ocrx_word' id='word_1_125' title='bbox 417 1166 550 1213; x_wconf 89' lang='lat' dir='ltr'>seriptis</span> <span class='ocrx_word' id='word_1_126' title='bbox 576 1171 611 1200; x_wconf 88' lang='lat' dir='ltr'>et</span> <span class='ocrx_word' id='word_1_127' title='bbox 638 1164 779 1200; x_wconf 87' lang='lat' dir='ltr'>seculari</span> <span class='ocrx_word' id='word_1_128' title='bbox 814 1163 1035 1211; x_wconf 84' lang='lat' dir='ltr'>philosophia,</span> <span class='ocrx_word' id='word_1_129' title='bbox 1067 1175 1170 1210; x_wconf 86' lang='lat' dir='ltr'>quam</span> <span class='ocrx_word' id='word_1_130' title='bbox 1202 1162 1452 1198; x_wconf 80' lang='lat' dir='ltr'>Aristotelicam</span> <span class='ocrx_word' id='word_1_131' title='bbox 1484 1168 1616 1202; x_wconf 79' lang='lat' dir='ltr'>vocant,</span> 
     </span>
     <span class='ocr_line' id='line_1_16' title="bbox 199 1226 1618 1280; baseline -0.005 -12"><span class='ocrx_word' id='word_1_132' title='bbox 199 1232 372 1280; x_wconf 75' lang='lat' dir='ltr'>insigniter</span> <span class='ocrx_word' id='word_1_133' title='bbox 402 1231 583 1270; x_wconf 86' lang='lat' dir='ltr'>eruditus;</span> <span class='ocrx_word' id='word_1_134' title='bbox 621 1235 696 1264; x_wconf 88' lang='lat' dir='ltr'>erat</span> <span class='ocrx_word' id='word_1_135' title='bbox 726 1228 830 1264; x_wconf 83' lang='lat' dir='ltr'>etiam</span> <span class='ocrx_word' id='word_1_136' title='bbox 860 1227 1020 1275; x_wconf 85' lang='lat' dir='ltr'>prudens,</span> <span class='ocrx_word' id='word_1_137' title='bbox 1050 1227 1173 1274; x_wconf 51' lang='lat' dir='ltr'>gravia</span> <span class='ocrx_word' id='word_1_138' title='bbox 1204 1232 1238 1262; x_wconf 87' lang='lat' dir='ltr'>et</span> <span class='ocrx_word' id='word_1_139' title='bbox 1269 1226 1478 1262; x_wconf 64' lang='lat' dir='ltr'>auetoritate</span> <span class='ocrx_word' id='word_1_140' title='bbox 1512 1227 1618 1273; x_wconf 87' lang='lat' dir='ltr'>pluri·</span> 
     </span>
     <span class='ocr_line' id='line_1_17' title="bbox 199 1290 1616 1342; baseline -0.005 -10"><span class='ocrx_word' id='word_1_141' title='bbox 199 1309 294 1333; x_wconf 92' lang='lat' dir='ltr'>mum</span> <span class='ocrx_word' id='word_1_142' title='bbox 327 1296 469 1342; x_wconf 80' lang='lat' dir='ltr'>pollens,</span> <span class='ocrx_word' id='word_1_143' title='bbox 504 1293 652 1334; x_wconf 87' lang='lat' dir='ltr'>humilis,</span> <span class='ocrx_word' id='word_1_144' title='bbox 694 1292 873 1333; x_wconf 71' lang='lat' dir='ltr'>modestus,</span> <span class='ocrx_word' id='word_1_145' title='bbox 914 1292 1083 1339; x_wconf 84' lang='lat' dir='ltr'>pacificus,</span> <span class='ocrx_word' id='word_1_146' title='bbox 1119 1291 1213 1327; x_wconf 89' lang='lat' dir='ltr'>omni</span> <span class='ocrx_word' id='word_1_147' title='bbox 1256 1290 1404 1337; x_wconf 87' lang='lat' dir='ltr'>denique</span> <span class='ocrx_word' id='word_1_148' title='bbox 1446 1290 1616 1326; x_wconf 86' lang='lat' dir='ltr'>virtutum</span> 
     </span>
     <span class='ocr_line' id='line_1_18' title="bbox 197 1354 1618 1409; baseline -0.004 -13"><span class='ocrx_word' id='word_1_149' title='bbox 197 1373 323 1409; x_wconf 87' lang='lat' dir='ltr'>genere</span> <span class='ocrx_word' id='word_1_150' title='bbox 353 1365 495 1396; x_wconf 82' lang='lat' dir='ltr'>ornatus</span> <span class='ocrx_word' id='word_1_151' title='bbox 524 1364 558 1394; x_wconf 85' lang='lat' dir='ltr'>et</span> <span class='ocrx_word' id='word_1_152' title='bbox 586 1357 751 1393; x_wconf 83' lang='lat' dir='ltr'>excultus.</span> <span class='ocrx_word' id='word_1_153' title='bbox 803 1357 872 1392; x_wconf 89' lang='lat' dir='ltr'>Sed</span> <span class='ocrx_word' id='word_1_154' title='bbox 899 1367 990 1391; x_wconf 88' lang='lat' dir='ltr'>nunc</span> <span class='ocrx_word' id='word_1_155' title='bbox 1017 1356 1060 1391; x_wconf 81' lang='lat' dir='ltr'>ad</span> <span class='ocrx_word' id='word_1_156' title='bbox 1087 1355 1263 1402; x_wconf 84' lang='lat' dir='ltr'>praeclara</span> <span class='ocrx_word' id='word_1_157' title='bbox 1292 1355 1352 1390; x_wconf 88' lang='lat' dir='ltr'>illa</span> <span class='ocrx_word' id='word_1_158' title='bbox 1381 1354 1509 1402; x_wconf 86' lang='lat' dir='ltr'>ingenii</span> <span class='ocrx_word' id='word_1_159' title='bbox 1540 1354 1618 1390; x_wconf 88' lang='lat' dir='ltr'>doc·</span> 
     </span>
     <span class='ocr_line' id='line_1_19' title="bbox 198 1418 1617 1472; baseline -0.005 -12"><span class='ocrx_word' id='word_1_160' title='bbox 198 1426 378 1472; x_wconf 84' lang='lat' dir='ltr'>trinaeque</span> <span class='ocrx_word' id='word_1_161' title='bbox 408 1428 641 1463; x_wconf 82' lang='lat' dir='ltr'>monumenta,</span> <span class='ocrx_word' id='word_1_162' title='bbox 673 1433 760 1468; x_wconf 86' lang='lat' dir='ltr'>quae</span> <span class='ocrx_word' id='word_1_163' title='bbox 789 1421 861 1468; x_wconf 89' lang='lat' dir='ltr'>post</span> <span class='ocrx_word' id='word_1_164' title='bbox 895 1420 937 1461; x_wconf 91' lang='lat' dir='ltr'>se,</span> <span class='ocrx_word' id='word_1_165' title='bbox 971 1420 1053 1466; x_wconf 86' lang='lat' dir='ltr'>stylo</span> <span class='ocrx_word' id='word_1_166' title='bbox 1089 1419 1278 1456; x_wconf 82' lang='lat' dir='ltr'>Sorbomco</span> <span class='ocrx_word' id='word_1_167' title='bbox 1308 1418 1508 1465; x_wconf 87' lang='lat' dir='ltr'>conscripta,</span> <span class='ocrx_word' id='word_1_168' title='bbox 1539 1419 1617 1453; x_wconf 89' lang='lat' dir='ltr'>reli-</span> 
     </span>
     <span class='ocr_line' id='line_1_20' title="bbox 199 1485 684 1536; baseline -0.01 -11"><span class='ocrx_word' id='word_1_169' title='bbox 199 1489 282 1536; x_wconf 88' lang='lat' dir='ltr'>quit,</span> <span class='ocrx_word' id='word_1_170' title='bbox 301 1489 487 1524; x_wconf 86' lang='lat' dir='ltr'>veniamus.</span> <span class='ocrx_word' id='word_1_171' title='bbox 538 1485 684 1533; x_wconf 75' lang='lat' dir='ltr'>Scripsit,</span> 
     </span>
    </p>

    <p class='ocr_par' dir='ltr' id='par_1_3' title="bbox 344 1546 1616 1598">
     <span class='ocr_line' id='line_1_21' title="bbox 344 1546 1616 1598; baseline -0.005 -11"><span class='ocrx_word' id='word_1_172' title='bbox 344 1552 399 1587; x_wconf 91' lang='lat' dir='ltr'>Ad</span> <span class='ocrx_word' id='word_1_173' title='bbox 430 1551 648 1598; x_wconf 64' lang='lat' dir='ltr'>praedffitum</span> <span class='ocrx_word' id='word_1_174' title='bbox 682 1550 894 1585; x_wconf 87' lang='lat' dir='ltr'>Ludovicum</span> <span class='ocrx_word' id='word_1_175' title='bbox 928 1547 1124 1584; x_wconf 89' lang='lat' dir='ltr'>Albiensem</span> <span class='ocrx_word' id='word_1_176' title='bbox 1158 1547 1372 1595; x_wconf 84' lang='lat' dir='ltr'>Episcopum.</span> <span class='ocrx_word' id='word_1_177' title='bbox 1407 1547 1448 1582; x_wconf 86' lang='lat' dir='ltr'>de</span> <span class='ocrx_word' id='word_1_178' title='bbox 1489 1546 1616 1592; x_wconf 89' lang='lat' dir='ltr'>duplici</span> 
     </span>
    </p>

    <p class='ocr_par' dir='ltr' id='par_1_4' title="bbox 390 1614 688 1655">
     <span class='ocr_line' id='line_1_22' title="bbox 390 1614 688 1655; baseline -0.01 -4"><span class='ocrx_word' id='word_1_179' title='bbox 390 1615 572 1655; x_wconf 86' lang='lat' dir='ltr'>Potestate,</span> <span class='ocrx_word' id='word_1_180' title='bbox 589 1614 646 1649; x_wconf 91' lang='lat' dir='ltr'>lib.</span> <span class='ocrx_word' id='word_1_181' title='bbox 666 1624 688 1648; x_wconf 86' lang='lat'>1.</span> 
     </span>
    </p>

    <p class='ocr_par' dir='ltr' id='par_1_5' title="bbox 342 1676 1028 1716">
     <span class='ocr_line' id='line_1_23' title="bbox 342 1676 1028 1716; baseline -0.006 -2"><span class='ocrx_word' id='word_1_182' title='bbox 342 1678 598 1714; x_wconf 86' lang='lat' dir='ltr'>Elueidationes</span> <span class='ocrx_word' id='word_1_183' title='bbox 615 1677 883 1716; x_wconf 84' lang='lat' dir='ltr'>Sententiarum,</span> <span class='ocrx_word' id='word_1_184' title='bbox 902 1676 959 1711; x_wconf 87' lang='lat' dir='ltr'>lib.</span> <span class='ocrx_word' id='word_1_185' title='bbox 977 1686 1028 1711; x_wconf 79' lang='lat' dir='ltr'>1v.</span> 
     </span>
    </p>

    <p class='ocr_par' dir='ltr' id='par_1_6' title="bbox 341 1740 919 1781">
     <span class='ocr_line' id='line_1_24' title="bbox 341 1740 919 1781; baseline -0.007 -3"><span class='ocrx_word' id='word_1_186' title='bbox 341 1743 572 1779; x_wconf 67' lang='lat' dir='ltr'>Collectiones</span> <span class='ocrx_word' id='word_1_187' title='bbox 589 1741 803 1781; x_wconf 86' lang='lat' dir='ltr'>Serbonicas‚</span> <span class='ocrx_word' id='word_1_188' title='bbox 821 1740 878 1775; x_wconf 88' lang='lat' dir='ltr'>lib.</span> <span class='ocrx_word' id='word_1_189' title='bbox 897 1750 919 1775; x_wconf 90' lang='lat'>1.</span> 
     </span>
    </p>

    <p class='ocr_par' dir='ltr' id='par_1_7' title="bbox 344 1805 937 1846">
     <span class='ocr_line' id='line_1_25' title="bbox 344 1805 937 1846; baseline -0.007 -4"><span class='ocrx_word' id='word_1_190' title='bbox 344 1807 385 1842; x_wconf 91' lang='lat' dir='ltr'>In</span> <span class='ocrx_word' id='word_1_191' title='bbox 398 1806 545 1842; x_wconf 83' lang='lat' dir='ltr'>Politica</span> <span class='ocrx_word' id='word_1_192' title='bbox 562 1805 762 1846; x_wconf 86' lang='lat' dir='ltr'>Aristotelis,</span> <span class='ocrx_word' id='word_1_193' title='bbox 780 1805 837 1840; x_wconf 91' lang='lat' dir='ltr'>lib.</span> <span class='ocrx_word' id='word_1_194' title='bbox 855 1815 937 1839; x_wconf 78' lang='lat' dir='ltr'>vm.</span> 
     </span>
    </p>

    <p class='ocr_par' dir='ltr' id='par_1_8' title="bbox 343 1867 1018 1915">
     <span class='ocr_line' id='line_1_26' title="bbox 343 1867 1018 1915; baseline -0.006 -9"><span class='ocrx_word' id='word_1_195' title='bbox 343 1871 395 1906; x_wconf 90' lang='lat' dir='ltr'>De</span> <span class='ocrx_word' id='word_1_196' title='bbox 413 1870 561 1906; x_wconf 87' lang='lat' dir='ltr'>Animae</span> <span class='ocrx_word' id='word_1_197' title='bbox 586 1869 749 1905; x_wconf 89' lang='lat' dir='ltr'>Potentia</span> <span class='ocrx_word' id='word_1_198' title='bbox 765 1868 901 1915; x_wconf 77' lang='lat' dir='ltr'>triplici,</span> <span class='ocrx_word' id='word_1_199' title='bbox 919 1867 977 1903; x_wconf 90' lang='lat' dir='ltr'>lib.</span> <span class='ocrx_word' id='word_1_200' title='bbox 995 1878 1018 1902; x_wconf 93' lang='lat'>1.</span> 
     </span>
    </p>

    <p class='ocr_par' dir='ltr' id='par_1_9' title="bbox 342 1931 1128 1979">
     <span class='ocr_line' id='line_1_27' title="bbox 342 1931 1128 1979; baseline -0.006 -9"><span class='ocrx_word' id='word_1_201' title='bbox 342 1934 549 1970; x_wconf 67' lang='lat' dir='ltr'>Auctarium</span> <span class='ocrx_word' id='word_1_202' title='bbox 566 1932 786 1968; x_wconf 87' lang='lat' dir='ltr'>Vocabularii</span> <span class='ocrx_word' id='word_1_203' title='bbox 803 1931 1009 1979; x_wconf 78' lang='lat' dir='ltr'>Tbeologiei,</span> <span class='ocrx_word' id='word_1_204' title='bbox 1029 1931 1086 1967; x_wconf 85' lang='lat' dir='ltr'>lib.</span> <span class='ocrx_word' id='word_1_205' title='bbox 1107 1941 1128 1966; x_wconf 87' lang='lat'>1.</span> 
     </span>
    </p>

    <p class='ocr_par' dir='ltr' id='par_1_10' title="bbox 343 1996 885 2045">
     <span class='ocr_line' id='line_1_28' title="bbox 343 1996 885 2045; baseline -0.007 -11"><span class='ocrx_word' id='word_1_206' title='bbox 343 1999 396 2034; x_wconf 88' lang='lat' dir='ltr'>De</span> <span class='ocrx_word' id='word_1_207' title='bbox 413 1997 541 2045; x_wconf 85' lang='lat' dir='ltr'>triplici</span> <span class='ocrx_word' id='word_1_208' title='bbox 558 1997 768 2044; x_wconf 82' lang='lat' dir='ltr'>Principatu‚</span> <span class='ocrx_word' id='word_1_209' title='bbox 786 1996 844 2031; x_wconf 89' lang='lat' dir='ltr'>lib.</span> <span class='ocrx_word' id='word_1_210' title='bbox 862 2006 885 2030; x_wconf 94' lang='lat'>1.</span> 
     </span>
    </p>

    <p class='ocr_par' dir='ltr' id='par_1_11' title="bbox 342 2059 1061 2108">
     <span class='ocr_line' id='line_1_29' title="bbox 342 2059 1061 2108; baseline -0.006 -10"><span class='ocrx_word' id='word_1_211' title='bbox 342 2062 395 2098; x_wconf 92' lang='lat' dir='ltr'>De</span> <span class='ocrx_word' id='word_1_212' title='bbox 413 2062 611 2108; x_wconf 86' lang='lat' dir='ltr'>Scripturae</span> <span class='ocrx_word' id='word_1_213' title='bbox 629 2060 816 2096; x_wconf 87' lang='lat' dir='ltr'>Sententiis</span> <span class='ocrx_word' id='word_1_214' title='bbox 833 2060 945 2101; x_wconf 87' lang='lat' dir='ltr'>variis,</span> <span class='ocrx_word' id='word_1_215' title='bbox 963 2059 1020 2095; x_wconf 90' lang='lat' dir='ltr'>lib.</span> <span class='ocrx_word' id='word_1_216' title='bbox 1039 2070 1061 2094; x_wconf 89' lang='grc' dir='ltr'>Ι.</span> 
     </span>
    </p>

    <p class='ocr_par' dir='ltr' id='par_1_12' title="bbox 343 2122 1538 2172">
     <span class='ocr_line' id='line_1_30' title="bbox 343 2122 1538 2172; baseline -0.007 -9"><span class='ocrx_word' id='word_1_217' title='bbox 343 2127 526 2163; x_wconf 88' lang='lat' dir='ltr'>Sermones</span> <span class='ocrx_word' id='word_1_218' title='bbox 542 2126 579 2160; x_wconf 91' lang='lat' dir='ltr'>in</span> <span class='ocrx_word' id='word_1_219' title='bbox 595 2124 784 2172; x_wconf 88' lang='lat' dir='ltr'>Evangelia</span> <span class='ocrx_word' id='word_1_220' title='bbox 800 2129 835 2159; x_wconf 83' lang='lat' dir='ltr'>et</span> <span class='ocrx_word' id='word_1_221' title='bbox 852 2123 1018 2170; x_wconf 88' lang='lat' dir='ltr'>Epistolas</span> <span class='ocrx_word' id='word_1_222' title='bbox 1035 2134 1097 2170; x_wconf 91' lang='lat' dir='ltr'>per</span> <span class='ocrx_word' id='word_1_223' title='bbox 1113 2122 1195 2159; x_wconf 88' lang='lat' dir='ltr'>anni</span> <span class='ocrx_word' id='word_1_224' title='bbox 1212 2122 1404 2162; x_wconf 81' lang='lat' dir='ltr'>circuitum,</span> <span class='ocrx_word' id='word_1_225' title='bbox 1423 2122 1480 2157; x_wconf 93' lang='lat' dir='ltr'>lib.</span> <span class='ocrx_word' id='word_1_226' title='bbox 1500 2131 1538 2157; x_wconf 89' lang='lat'>11.</span> 
     </span>
    </p>

    <p class='ocr_par' dir='ltr' id='par_1_13' title="bbox 343 2188 1028 2229">
     <span class='ocr_line' id='line_1_31' title="bbox 343 2188 1028 2229; baseline -0.007 -2"><span class='ocrx_word' id='word_1_227' title='bbox 343 2192 384 2227; x_wconf 92' lang='lat' dir='ltr'>In</span> <span class='ocrx_word' id='word_1_228' title='bbox 407 2190 614 2227; x_wconf 82' lang='lat' dir='ltr'>Psalterium</span> <span class='ocrx_word' id='word_1_229' title='bbox 631 2188 912 2229; x_wconf 84' lang='lat' dir='ltr'>Commentarios,</span> <span class='ocrx_word' id='word_1_230' title='bbox 930 2188 988 2224; x_wconf 87' lang='lat' dir='ltr'>lib.</span> <span class='ocrx_word' id='word_1_231' title='bbox 1006 2198 1028 2223; x_wconf 92' lang='lat'>1.</span> 
     </span>
    </p>

    <p class='ocr_par' dir='ltr' id='par_1_14' title="bbox 343 2252 961 2303">
     <span class='ocr_line' id='line_1_32' title="bbox 343 2252 961 2303; baseline -0.006 -12"><span class='ocrx_word' id='word_1_232' title='bbox 343 2256 396 2291; x_wconf 89' lang='lat' dir='ltr'>De</span> <span class='ocrx_word' id='word_1_233' title='bbox 413 2256 536 2303; x_wconf 85' lang='lat' dir='ltr'>Regno</span> <span class='ocrx_word' id='word_1_234' title='bbox 552 2254 675 2291; x_wconf 84' lang='lat' dir='ltr'>Christi</span> <span class='ocrx_word' id='word_1_235' title='bbox 693 2259 844 2294; x_wconf 80' lang='lat' dir='ltr'>aeterno,</span> <span class='ocrx_word' id='word_1_236' title='bbox 862 2252 919 2288; x_wconf 91' lang='lat' dir='ltr'>lib.</span> <span class='ocrx_word' id='word_1_237' title='bbox 939 2262 961 2287; x_wconf 83' lang='lat'>1.</span> 
     </span>
    </p>
   </div>
   <div class='ocr_carea' id='block_1_3' title="bbox 1447 2310 1468 2332">
    <p class='ocr_par' dir='ltr' id='par_1_15' title="bbox 1447 2310 1468 2332">
     <span class='ocr_line' id='line_1_33' title="bbox 1447 2310 1468 2332; baseline -0.095 0"><span class='ocrx_word' id='word_1_238' title='bbox 1447 2310 1468 2332; x_wconf 79' lang='grc' dir='ltr'>Ο</span> 
     </span>
    </p>
   </div>
  </div>
 </body>
</html>
