1913 2692
267 225 308 261 74
659 223 721 252 DE
754 221 1088 252 SCRIPTORIBUS
1123 221 1283 252 SCOTIS.

571 321 685 358 Segnior
698 325 730 348 ut
743 321 817 348 lento
830 321 975 348 sceleratas
988 330 1060 347 mors
1074 320 1142 356 petit
1156 319 1246 352 aedes,

611 375 656 402 Sic
672 384 786 411 propero
800 375 883 402 nimis
895 375 918 402 it
931 374 981 402 sub
994 375 1041 411 pia
1054 379 1127 401 tecta
1140 374 1235 411 gradu.

719 520 781 554 DE
806 520 1050 556 MICHAELE
1077 523 1230 558 SCOTO.

268 633 442 668 MICHAEL
489 633 634 672 SCOTUS‚
679 637 907 677 cognomento
953 633 1076 679 Magus
1116 633 1173 667 seu
1215 633 1489 673 Mathematicus,
1536 634 1682 669 Michael

268 696 422 731 Medicus
450 696 555 730 etiam
587 696 708 735 dietus,
742 707 868 742 genere
899 701 933 730 et
962 697 1101 731 natione
1131 697 1262 737 Scotus,
1294 709 1489 743 quanquam
1519 703 1571 732 tot
1602 698 1683 731 viris

269 760 379 794 doctis
414 759 553 794 unicum
586 759 687 793 unius
720 759 862 794 Lelandi
895 767 1069 806 opponant
1103 760 1334 795 testimonium
1374 760 1513 806 quidam
1547 761 1683 807 Anglici

271 823 478 869 scriptores;
512 829 616 869 atque
643 823 707 858 hac
734 824 838 858 etiam
868 824 910 858 de
940 824 1048 864 causa,
1078 824 1282 859 Michaelem
1308 824 1489 864 medicum,
1520 825 1612 870 quod
1641 825 1683 859 ab

269 887 427 921 omnibus
461 887 564 923 Scoti,
600 898 669 921 non
702 892 819 922 autem
853 888 989 933 Anglici
1019 888 1202 934 cujusdam,
1234 888 1306 934 ejus
1336 888 1460 934 scripta
1489 888 1690 926 habeantur,

268 963 288 984 a
314 950 482 985 Michaele
510 950 614 985 Scoto
644 950 814 985 diversum
842 950 1019 986 somniant.
1081 951 1149 986 Sed
1175 952 1260 986 haec
1287 952 1379 987 alias.
1440 952 1506 986 Hic
1535 952 1682 986 Michael

269 1016 311 1049 ab
344 1015 414 1060 ipsa
445 1015 569 1061 puerili
599 1020 712 1050 aetate
742 1015 778 1049 in
811 1015 920 1049 literis
949 1015 1080 1050 utiliter
1114 1016 1278 1050 educatus
1307 1020 1401 1050 erat:
1435 1015 1683 1050 maturescente

269 1084 385 1112 autem
425 1084 548 1118 aetate,
596 1079 799 1113 celebriores
832 1078 1032 1118 academias,
1072 1084 1110 1113 ut
1146 1079 1292 1126 majores
1324 1079 1452 1114 faceret
1485 1080 1520 1114 in
1553 1079 1684 1114 artibus

269 1142 467 1177 liberalibus
495 1141 696 1188 progrefl'us,
731 1142 877 1189 impiger
909 1142 1034 1188 petiit;
1069 1142 1241 1176 Oxonium
1274 1142 1380 1188 igitur
1410 1143 1530 1188 primo,
1561 1142 1683 1176 deinde

270 1206 442 1240 Lutetiam
481 1206 522 1240 de
560 1217 655 1240 more
694 1205 787 1246 adiit,
825 1205 889 1240 ubi
930 1217 1054 1252 magno
1092 1218 1170 1240 cum
1206 1206 1325 1241 fru6tu
1361 1206 1613 1241 mathematicis
1650 1212 1684 1240 et

270 1268 511 1315 philosophicis
536 1269 684 1304 scientiis
713 1281 852 1315 operam
881 1269 1028 1309 navavit,
1055 1274 1090 1303 et
1116 1269 1307 1316 astrologus
1333 1270 1437 1304 etiam
1465 1268 1684 1315 peritissimus

270 1331 380 1366 evafit.
444 1333 640 1379 Peragratis
670 1337 785 1367 autem
814 1332 933 1367 multis
961 1332 1166 1378 regionibus,
1199 1338 1234 1367 et
1263 1332 1406 1367 vifitatis
1436 1333 1538 1367 variis
1566 1333 1685 1368 acade-

270 1395 355 1435 miis,
393 1407 455 1441 pro
489 1395 712 1441 adipiscendis
753 1395 900 1430 scientiis
941 1396 1164 1436 naturalibus,
1203 1401 1237 1430 et
1275 1408 1338 1442 pro
1379 1396 1582 1442 linguarum,
1616 1408 1685 1431 non

270 1464 406 1494 tantum
424 1459 576 1495 Graecae
601 1464 635 1494 et
662 1459 851 1499 Hebraeae,
874 1459 930 1493 sed
948 1460 1116 1494 Arabicae
1143 1459 1248 1494 etiam
1274 1465 1308 1494 et
1332 1460 1544 1501 Chaldaicam,
1571 1461 1686 1507 cogni-

271 1523 374 1561 tione,
402 1528 437 1557 et
464 1528 503 1557 ut
531 1534 609 1557 eum
639 1535 709 1557 non
739 1523 927 1569 effugerent
956 1522 1023 1561 illa,
1054 1534 1142 1567 quae
1171 1522 1213 1556 de
1242 1523 1346 1557 rebus
1371 1523 1622 1558 mathematicis
1650 1524 1686 1558 in

273 1598 475 1632 quacunque
503 1586 620 1632 lingua
647 1586 770 1632 scripta
797 1585 895 1625 sunt;
925 1585 1015 1620 unde
1045 1585 1210 1631 temporis
1237 1584 1384 1620 succefl'u
1408 1586 1540 1621 factum
1565 1587 1619 1627 est,
1647 1592 1686 1621 ut

273 1661 410 1684 omnem
451 1649 630 1684 cultiorem
669 1649 893 1688 literaturam,
935 1660 1053 1683 omnes
1092 1654 1183 1683 artes
1226 1648 1392 1689 liberales,
1427 1650 1687 1684 mathematicas

273 1719 364 1747 artes
387 1724 513 1753 omnes,
541 1725 677 1747 omnem
702 1712 950 1759 philosophiam
973 1717 1111 1746 acurate
1137 1717 1280 1752 teneret,
1306 1712 1452 1758 denique
1478 1713 1686 1760 theologiam

275 1782 309 1810 et
332 1777 499 1811 medicam
526 1783 637 1811 artem
665 1777 755 1811 hisce
786 1777 944 1811 omnibus
969 1775 1122 1810 adderet.
1173 1774 1258 1809 Dira
1284 1774 1343 1809 illa
1370 1776 1520 1815 vulnera,
1546 1776 1686 1822 lepram,

275 1841 470 1886 podagram,
505 1840 694 1886 hydropfin,
734 1841 868 1886 aliaque
904 1838 1103 1874 insanabilia
1136 1838 1288 1884 corporis
1321 1839 1487 1885 contagia,
1523 1844 1596 1874 arte
1630 1839 1688 1874 sua

277 1903 418 1938 mirifice
450 1910 484 1938 et
512 1904 616 1944 nullo,
647 1910 685 1938 ut
716 1904 905 1943 videbatur,
935 1901 1082 1949 negotiO,
1114 1901 1268 1936 sustulit:
1302 1902 1572 1944 chiromantiam,
1604 1904 1688 1950 phy-

277 1967 505 2013 fiognomiam,
535 1967 749 2014 astrologiam
779 1967 980 2006 natiualem,
1015 1977 1093 1999 cum
1127 1965 1431 2011 periaxiomatibus
1464 1967 1505 2001 de
1538 1967 1688 2002 faciebus

278 2030 456 2077 signorum,
495 2036 529 2065 et
562 2031 749 2065 canonibus
783 2030 824 2064 de
862 2029 1142 2076 aegritudinibuS,
1184 2028 1320 2075 infignis
1361 2029 1416 2063 hic
1457 2030 1688 2076 promanticus

280 2094 365 2128 adeo
399 2093 531 2133 diserte,
565 2100 603 2128 ut
637 2093 802 2139 nusquam
831 2093 901 2127 fere
936 2092 1022 2127 alius
1056 2091 1243 2138 quisquam,
1278 2092 1403 2127 calluit.
1471 2093 1526 2127 Ad
1557 2093 1688 2128 theolo-

281 2157 372 2202 giam
399 2162 514 2191 autem
542 2158 633 2203 quod
660 2156 793 2196 attinet,
823 2156 859 2190 in
886 2168 926 2190 ea
956 2155 1059 2190 etiam
1089 2161 1222 2190 tantam
1251 2155 1424 2201 acquiiivit
1449 2156 1687 2202 cognitionem,

283 2224 321 2252 ut
355 2232 375 2253 a
408 2220 607 2265 quibusdam
641 2220 766 2254 citetur
798 2225 962 2265 tanquam
995 2219 1212 2254 auctoritatis
1238 2231 1381 2265 magnae
1411 2219 1689 2255 eminentissimus

284 2282 472 2328 theologus.
548 2283 704 2329 Denique
746 2282 832 2316 nihil
873 2283 1043 2328 reliquum
1082 2283 1209 2317 fecerat
1245 2282 1288 2317 ad
1321 2283 1495 2319 hominem
1528 2284 1564 2318 in
1597 2285 1689 2319 omni
