1913 2692
268 267 308 296 16
669 266 732 296 DE
756 264 1087 296 SCRIPTORIBUS
1111 266 1273 297 SCOTIS.

268 357 313 391 Et
333 356 400 392 alia
423 356 536 391 etiam.
588 356 721 392 Claruit
741 368 830 392 anno
852 356 980 391 Salutis
1003 356 1173 392 humanae
1197 359 1300 398 1543,
1322 358 1382 393 sub
1406 357 1517 393 Maria
1539 358 1675 393 Scotiae

267 432 394 466 regula.

704 564 766 598 DE
791 564 971 598 JACOBO
997 564 1220 599 MARTINO.

267 676 429 709 JACOBUS
469 675 677 715 ΜΑΒΤῙΝΠΞ,
718 675 856 710 natione
896 675 1028 715 Scotus,
1064 680 1099 709 et
1142 675 1403 715 Dunkeldensis,
1437 675 1614 721 postquam
1639 675 1674 709 in

267 739 379 774 schola
413 738 560 784 ejusdem
596 739 743 773 civitatis
774 739 890 774 literas
916 738 1135 773 humaniores
1162 738 1241 772 satis
1273 738 1396 773 exae'oe
1429 738 1603 779 didiciffet,
1632 739 1675 773 ad

267 803 487 838 Academiam
531 804 760 844 Andreanam,
804 804 863 838 ubi
909 803 1043 837 cursum
1083 802 1352 848 philosophicum
1377 802 1529 848 perfecit,
1565 815 1586 837 a
1617 815 1676 849 pa-

265 867 419 901 rentibus
448 867 494 902 est
520 866 644 902 miffus.
696 868 815 902 Postea
840 868 875 901 in
905 867 1041 901 Italiam
1067 866 1113 901 est
1138 866 1322 912 profeEtus,
1348 866 1406 901 ubi
1427 866 1675 912 philosophiam

265 931 399 976 publice
424 931 459 965 in
486 932 643 966 Romana
669 932 806 966 civitate
833 943 910 965 cum
936 941 1061 976 magna
1085 929 1134 963 sui
1158 929 1304 964 nominis
1330 929 1430 964 laude
1456 930 1593 970 docuit;
1616 930 1675 964 ubi

264 994 403 1029 tandem
420 995 575 1029 moritur.
627 995 765 1041 Scripsit

410 1059 450 1092 [n
468 1059 525 1092 lib.
545 1058 735 1092 Aristotelis
752 1058 794 1092 (le
813 1059 900 1092 Ortu
918 1063 951 1091 et
971 1058 1127 1092 lnteritu.

408 1123 460 1156 De
478 1123 589 1168 prima
607 1122 819 1168 Simplicium
838 1128 872 1156 ct
890 1122 1137 1156 Concretorum
1155 1122 1346 1167 Corporum
1364 1122 1603 1156 Generatione.

265 1185 395 1219 Claruit
413 1198 502 1220 anno
521 1186 821 1220 Reconciliationis
838 1186 1008 1220 humanae
1028 1187 1129 1223 1554,
1148 1176 1314 1230 regnante
1331 1185 1450 1220 Maria.

675 1328 739 1362 DE
764 1328 945 1362 DAVIDE
971 1328 1198 1362 PANTERO.

266 1441 391 1474 DAVID
422 1440 629 1479 ΡΑΝἹΕΠῸΞ,
659 1440 797 1474 natione
828 1440 959 1480 Scotus,
988 1440 1039 1473 vir
1065 1439 1223 1474 doetrina
1253 1444 1287 1474 et
1316 1451 1433 1473 rerum
1463 1439 1524 1473 usu
1553 1440 1673 1480 clarus,

266 1505 323 1551 qui
353 1504 481 1550 septem
511 1505 662 1551 integros
691 1517 798 1539 annos
829 1505 863 1538 iu
892 1503 1071 1550 legationis
1096 1515 1237 1537 munere
1259 1504 1349 1549 apud
1375 1503 1492 1538 Gallos
1518 1504 1675 1538 obeundo

265 1568 390 1602 fincere
417 1567 677 1614 consumpserat,
711 1580 755 1602 ex
785 1568 897 1602 Gallia
928 1568 1145 1613 ‚chbm-gum
1174 1567 1294 1606 venitff,
1327 1567 1385 1601 ubi
1418 1567 1595 1613 postquam
1621 1580 1675 1602 ra-

265 1633 404 1672 tionem,
432 1633 580 1669 modum,
608 1632 762 1666 ordinem
792 1632 893 1677 pleno
922 1631 1087 1665 nobilium
1117 1636 1217 1665 coetu
1241 1629 1431 1676 aperuisset,
1456 1631 1603 1665 multum
1631 1633 1674 1666 ab

267 1697 424 1731 omnibus
444 1696 610 1735 laudatus,
629 1697 721 1742 quod
743 1695 953 1742 provinciam
977 1695 1119 1729 arduam
1142 1700 1213 1729 tam
1234 1694 1426 1741 diligenter,
1444 1694 1622 1740 sapienter,
1641 1701 1675 1729 et

267 1760 382 1795 sancte
401 1760 606 1799 excoluerat,
622 1760 795 1806 episcopus
809 1757 1010 1805 [Roffenfis]
1027 1757 1154 1792 solenni
1172 1769 1267 1792 more
1285 1758 1509 1793 consecratur.
1537 1757 1675 1804 Scripsit

409 1823 609 1857 Trafftatum
627 1824 668 1857 de
682 1823 836 1857 Moribus
854 1823 1041 1857 Gallorum.

412 1887 464 1920 De
482 1887 607 1921 Forma
623 1887 780 1921 Jufiitiae
798 1884 1093 1920 Administrandae
1110 1883 1145 1917 in
1163 1884 1396 1918 Parliamento
1414 1883 1596 1923 Parifienfi,

267 1955 301 1983 et
331 1949 398 1984 alia
424 1950 596 1984 nonnulla.
651 1949 783 1984 Claruit
817 1962 906 1984 anno
937 1948 1122 1984 salvatoris
1147 1948 1267 1982 mundi
1296 1949 1378 1983 dum
1405 1948 1575 1994 sceptrum
1604 1949 1675 1994 ges-

266 2018 357 2049 taret
374 2013 484 2049 Maria
499 2013 619 2060 regina
635 2014 670 2048 in
688 2013 811 2048 Scotia.

633 2156 696 2191 DE
722 2156 969 2191 RICHARDO
995 2155 1246 2190 MORISONO.

271 2268 490 2301 RICHARDUS
516 2267 741 2306 MomsoNUs,
775 2268 913 2302 natione
947 2268 1077 2307 Seotus,
1111 2267 1257 2302 honestis
1285 2265 1483 2312 parentibus
1517 2268 1673 2312 progeni-

272 2336 335 2370 tus,
371 2330 422 2364 vir
450 2331 485 2364 in
515 2331 607 2365 omni
642 2330 893 2376 disciplinarum
922 2343 1048 2377 genere
1078 2343 1098 2365 a
1126 2331 1253 2365 teneris
1286 2329 1383 2365 annis
1416 2330 1551 2377 egregie
1586 2331 1674 2365 insti-
