1913 2692
275 249 315 277 22
652 244 714 274 DE
753 241 1085 274 SCRIPTORIBUS
1122 241 1284 271 SCOTIS.

276 338 430 372 Roberto
461 335 606 370 secundo
635 335 707 381 regi
747 335 819 381 ejus
859 333 1006 368 nominis
1035 345 1142 367 carus.
1205 333 1293 366 Cum
1324 331 1474 365 Henrico
1513 329 1684 368 Wardlao,

276 400 526 446 archiepiscopo
559 399 664 434 tertio
698 399 730 433 S.
759 398 928 437 Andreae,
963 397 1006 431 ad
1040 397 1201 431 Carolum
1231 395 1364 431 Galliae
1393 406 1510 441 regem
1544 393 1686 428 destina-

277 472 332 499 tus
359 470 484 504 orator,
514 463 660 498 foederis
688 475 765 496 cum
794 461 972 496 Gallorum
997 465 1100 506 gente
1125 459 1269 494 feriendi
1290 458 1410 505 gratia,
1438 464 1511 493 tam
1535 457 1688 503 graviter

278 535 312 563 et
348 529 535 575 prudenter
560 539 684 561 munus
711 526 808 560 suum
838 525 873 559 in
903 537 944 559 ea
970 523 1141 570 legatione
1167 523 1308 557 functus
1339 523 1394 562 est,
1422 527 1460 556 ut
1491 521 1534 556 ad
1564 520 1688 567 episeo-

278 598 396 639 patum
435 590 684 626 Pietaviensem
718 603 738 624 a
773 589 896 624 Carolo
937 600 1019 634 rege
1054 587 1093 621 fit
1128 588 1295 626 evectus·s
1342 592 1376 621 et
1414 598 1456 620 ne
1495 586 1578 632 quid
1615 585 1687 631 ejus

279 656 437 703 dignitati
472 653 605 694 deeffet,
636 666 657 688 a
686 653 853 699 Gregorio
883 651 1074 686 Undecimo
1110 651 1268 690 obtinuit,
1298 656 1337 684 ut
1366 650 1562 696 patriarcha
1591 649 1690 683 Anti-

279 720 397 754 ochiae
437 718 638 757 declaretur,
681 729 759 751 cum
792 717 895 763 paulo
928 721 1008 750 ante
1043 714 1257 749 cardinalitia
1291 714 1457 761 dignitate
1492 715 1535 748 ab
1570 714 1689 748 eodem

279 783 439 829 pontifice
468 793 531 828 pro
564 781 664 827 ipsius
693 780 875 827 pmdentia
909 785 943 814 et
978 779 1170 813 eruditione
1203 783 1344 813 ornatus
1378 776 1485 818 effet3
1523 790 1585 812 nec
1619 782 1690 811 tam

279 847 437 893 precibus
469 846 558 880 tanti
597 845 686 892 regis
718 845 802 879 haec
835 844 993 882 obtinuit,
1024 843 1080 877 sed
1112 843 1213 889 longe
1247 843 1385 888 quidem
1419 842 1527 888 magis
1561 841 1692 876 meritis

280 910 426 957 propriis
443 910 648 956 impetravit,
667 914 704 943 ut
722 909 865 943 teilatiu·
892 907 1123 942 Demochares
1140 913 1234 942 tomo
1251 907 1407 941 secundo.
1460 905 1596 952 »Scripsit

426 973 606 1008 Orationes
624 972 823 1007 Gratiarum
841 971 883 1006 ad
901 971 1107 1017 Gregorium
1126 971 1363 1006 Undecimum.

426 1037 653 1083 Epistolarum
683 1037 739 1071 lib.
768 1036 812 1071 ad
842 1035 1025 1082 Episcopos
1054 1041 1089 1070 et
1119 1036 1290 1070 Doctores
1317 1035 1508 1071 Scotorum,
1539 1046 1601 1080 pro
1632 1033 1694 1067 Ca-

475 1100 603 1135 tholica
619 1101 704 1134 Fide
721 1100 964 1135 confirmanda.

284 1165 415 1199 Claruit
433 1176 523 1199 anno
542 1163 680 1211 [1389]
698 1169 864 1210 regnante
882 1164 1037 1198 Roberto
1055 1163 1222 1197 Secundo.

698 1305 761 1339 DE
788 1304 984 1339 ANDREA
1010 1306 1038 1339 F
1041 1306 1282 1340 ORMANNO.

286 1422 464 1455 ANDREAS
499 1418 732 1452 FORMANNUS
765 1412 1038 1463 Edinburgenfiss
1073 1419 1130 1453 alii
1164 1430 1245 1453 vero
1279 1418 1377 1452 illum
1412 1416 1697 1463 Andr-capolitan-

286 1497 343 1519 um
385 1482 451 1518 effe
493 1482 622 1521 volunt,
656 1494 677 1516 a
710 1481 837 1516 teneris
879 1481 976 1515 anuis
1018 1482 1125 1516 literis
1159 1488 1193 1517 et
1226 1482 1347 1528 pietati
1381 1481 1514 1527 semper
1552 1480 1696 1519 deditus,

285 1552 445 1594 parentes
477 1545 598 1580 habuit
636 1545 767 1584 divites,
805 1556 951 1590 quorum
989 1557 1069 1580 cura
1102 1552 1137 1580 et
1175 1544 1332 1592 impensis
1365 1545 1412 1579 est
1451 1544 1543 1579 domi
1576 1544 1698 1578 educa-

286 1617 372 1652 tus;
411 1609 533 1644 deinde
574 1608 808 1654 Andreapolin
845 1607 969 1649 mistus,
1012 1609 1071 1643 ubi
1111 1610 1264 1644 animum
1301 1608 1542 1655 philosophicis
1583 1608 1698 1642 studiis

287 1680 322 1709 et
355 1674 487 1710 artibus
525 1672 687 1711 excoluit,
721 1676 862 1718 propter
895 1671 996 1718 ipsius
1028 1672 1226 1708 industriam
1260 1673 1295 1707 in
1329 1672 1437 1707 literis
1470 1677 1504 1707 et
1538 1672 1700 1718 eloquen-

287 1739 344 1778 tia,
381 1743 460 1773 ante
496 1748 614 1771 omnes
645 1735 894 1770 commilitones
928 1736 975 1770 est
1006 1736 1123 1771 laurea
1152 1736 1337 1783 insignitus.
1400 1736 1519 1770 Postea
1549 1736 1585 1769 in
1620 1735 1700 1770 Gal-

289 1803 350 1837 lias
385 1807 420 1836 et
458 1801 594 1836 Italiam
630 1800 676 1834 est
711 1799 896 1846 profectus,
926 1800 986 1835 ubi
1021 1801 1225 1836 celebriores
1254 1800 1446 1836 academias
1475 1799 1699 1846 perlustravit,

289 1872 324 1900 et
359 1878 436 1900 cum
471 1863 666 1900 doctissimis
703 1862 944 1910 profefforibus
981 1864 1170 1899 collocutus
1200 1865 1272 1905 est;
1310 1864 1432 1898 deinde
1463 1864 1610 1898 Romam
1643 1875 1701 1908 pe-

289 1929 354 1969 tiit,
384 1929 444 1963 ubi
473 1940 535 1975 per
563 1927 740 1962 biennium
769 1927 816 1961 est
843 1933 1082 1962 commoratus.
1136 1929 1275 1963 Interea
1301 1933 1442 1974 propter
1468 1926 1568 1973 ipfius
1594 1926 1702 1972 pieta—

289 1999 370 2033 tem,
401 1992 638 2031 eruditionem,
671 1996 705 2026 et
732 1991 954 2026 constantiam
983 1992 1136 2037 pontifici
1163 2005 1262 2027 carus
1289 1992 1425 2031 fuerat;
1457 2003 1560 2037 quem
1588 1990 1702 2036 postea

290 2058 381 2093 idem
415 2056 570 2103 pontifex
603 2056 647 2091 ad
684 2055 854 2090 Jacobum
893 2055 1063 2096 Quartum
1102 2056 1293 2097 Scotorum,
1331 2055 1404 2103 post
1438 2054 1546 2100 patris
1579 2053 1700 2088 Jacobi

292 2121 398 2156 Tertii
428 2120 569 2160 obitum,
600 2119 644 2155 ad
682 2118 925 2154 confiliandum
954 2117 1054 2159 misit,
1084 2131 1105 2154 a
1138 2130 1206 2165 quo
1239 2117 1450 2165 episcopatus
1482 2114 1702 2151 Moravienfis

292 2183 353 2230 ipfi
381 2185 428 2220 est
462 2183 643 2220 concefl'us.
704 2183 824 2218 Postea
856 2195 878 2218 a
909 2183 1042 2218 Jacobo
1070 2182 1202 2224 Quarto
1228 2193 1309 2228 rege
1340 2181 1376 2216 in
1410 2179 1540 2215 Gallias
1568 2179 1703 2225 legatus

292 2248 335 2282 ad
365 2247 575 2283 Ludovicum
602 2259 719 2294 regem
749 2245 865 2282 miffus
894 2247 949 2287 est,
978 2260 999 2282 a
1028 2257 1097 2292 quo
1125 2258 1189 2292 pro
1218 2244 1356 2292 egregia
1386 2243 1486 2290 ipfius
1512 2243 1640 2289 pietate
1668 2248 1702 2276 et
