1913 2692
630 229 691 259 DE
717 228 1052 259 SCRIPTORIBUS
1077 229 1239 258 SCOTIS.
1601 232 1633 259 Π

371 320 549 355 Summam
567 319 674 354 totius
693 319 907 365 Theologiac,
926 319 983 353 lib.
1004 329 1026 352 1.

371 383 550 418 Lectiones
568 383 799 422 Scholasticas,
818 382 876 417 lib.
896 393 917 416 1.

372 447 501 482 Contra
520 446 737 485 Wicleviflas‚
756 447 812 481 lib.
832 457 854 480 Ι.

227 510 358 545 Claruit
395 522 485 544 anno
534 510 673 545 Domini
711 512 813 549 1:390,
851 509 1006 545 Robcrto
1042 511 1158 545 Tertio
1198 510 1352 556 regimen
1392 510 1574 544 inchoante
1606 510 1641 543 in

226 573 349 608 Scotia.

697 717 759 751 DE
785 716 950 751 TIIOMA
978 716 1167 752 AGNINO.

227 830 380 863 THOMAS
407 830 586 869 AGNINUS‚
617 829 754 863 natione
773 829 904 868 Scotus,
932 826 1132 873 profeffione
1167 827 1362 866 Carmenta,
1397 828 1519 862 doctor
1545 827 1641 861 theo-

226 895 344 941 logiae,
377 899 412 929 et
441 891 604 940 profefl'or
642 893 677 926 in
707 892 827 927 eadem
856 892 1028 930 facultate,
1059 891 1155 937 cujus
1190 891 1281 925 fama
1316 890 1500 925 illustribus
1541 891 1641 936 scrip-

226 958 359 992 toribus
397 957 432 991 in
462 956 589 991 exteris
627 955 823 990 nationibus
862 967 931 989 non
967 954 1110 989 obscura
1145 955 1218 989 fuit.
1271 954 1361 988 Nam
1396 954 1537 991 Bostius,
1569 954 1641 988 Tri-

226 1022 384 1061 themius,
415 1021 588 1061 Hestirtus,
619 1026 653 1055 et
691 1020 758 1059 alii,
798 1032 866 1054 non
901 1019 1060 1053 dubitant
1090 1030 1170 1052 enm
1199 1018 1407 1063 optimorum
1439 1017 1640 1063 scriptorum

226 1086 381 1132 catalogo
399 1085 600 1120 inscribere:
638 1085 691 1118 vir
719 1090 812 1119 certe
840 1096 910 1119 non
936 1082 1069 1128 vulgari
1098 1082 1255 1117 doctrina
1285 1081 1477 1121 instru6tus‚
1497 1086 1530 1115 et
1557 1081 1642 1115 raris

226 1149 409 1185 virtutibus
453 1154 487 1183 et
529 1148 739 1183 ornamentis
780 1147 966 1194 insignitus,
1010 1151 1130 1181 acutus
1172 1151 1440 1192 argumentator,
1481 1151 1513 1179 ot
1567 1157 1642 1179 eru-

226 1214 318 1248 ditus
337 1213 567 1249 concionator.
619 1211 757 1259 Scripsit

372 1276 567 1312 Sententias
585 1275 756 1322 quasdam,
775 1275 831 1309 lib.
852 1286 873 1309 1.

370 1340 590 1382 Quaestiones
608 1340 805 1379 ordinarias,
823 1340 880 1375 lib.
900 1351 921 1373 Ι.

371 1405 684 1440 Determinationes
701 1404 917 1449 Thoologiae,
936 1403 992 1437 lib.
1012 1413 1034 1436 Ι.

371 1469 536 1504 Lecturas
554 1468 589 1502 in
607 1468 727 1502 Saeras
745 1467 885 1506 Literas,
905 1467 962 1501 lib.
982 1477 1005 1500 1.

370 1532 499 1566 Contra
516 1531 694 1565 Lollardos
712 1530 930 1569 Wiclevistas‚
949 1530 1005 1564 lib.
1026 1540 1047 1563 1.

371 1596 425 1630 De
444 1595 684 1630 Incarnatione
703 1594 817 1633 Verbi,
836 1593 893 1628 lib.
912 1604 935 1628 1.

371 1660 555 1694 Sermones
572 1670 634 1705 per
650 1658 801 1692 Annum.

224 1724 357 1759 Claruit
386 1724 475 1758 circa
505 1735 633 1757 annum
664 1722 803 1757 Domini
833 1722 924 1768 apud
954 1722 1162 1756 Oxonienses
1192 1725 1293 1757 1390.
1332 1723 1484 1756 Roberto
1528 1721 1642 1755 Tertio

226 1789 378 1834 regimen
397 1787 578 1822 inchoante
596 1787 688 1833 apud
707 1786 837 1821 Scotos.

624 1930 687 1965 DE
713 1929 882 1965 ADAMO
908 1929 1234 1965 SCHOLASTICO.

227 2047 386 2080 ADAMUS
432 2044 714 2083 SCHOLASTICUS‚
758 2055 860 2090 quem
906 2042 965 2077 alii
1014 2047 1137 2088 putant
1170 2042 1398 2076 Balendinum
1440 2040 1641 2090 cognomine

228 2108 332 2150 fuiffe,
363 2109 522 2156 magister
561 2113 596 2143 et
629 2108 752 2142 doetor
793 2107 829 2141 in
868 2106 1050 2153 theologia,
1092 2105 1226 2141 Parifiis
1263 2105 1389 2140 studuit
1428 2104 1641 2139 scholasticae

226 2173 428 2221 theologiae,
459 2172 582 2208 deinde
620 2171 769 2206 scholam
807 2170 951 2217 aperuit,
988 2170 1023 2204 in
1062 2182 1129 2216 qua
1167 2169 1363 2204 auditorum
1402 2180 1480 2202 cum
1518 2179 1643 2213 magna

226 2238 326 2274 laude
356 2237 481 2273 docuit.
542 2236 637 2271 Haec
667 2247 776 2282 pauca
801 2235 891 2270 inter
913 2234 981 2270 alia-
998 2234 1107 2268 multa
1131 2245 1218 2279 quae
1251 2231 1439 2267 doffiffime
1466 2230 1640 2277 scripserat

228 2301 416 2348 posteritati
428 2300 690 2337 commendarit.
