1913 2692
648 202 710 232 DE
748 200 1084 231 SCRIPTORIBUS
1118 201 1281 231 SCOTIS.
1639 206 1675 237 91

411 291 592 326 Orationes
608 292 733 338 plures.

268 355 313 390 Et
338 355 406 390 alia
429 355 548 395 multa,
575 367 663 401 quae
689 354 813 401 injuria
838 354 1004 400 temporis
1019 355 1206 401 perierunt.
1258 355 1391 390 Claruit
1416 367 1507 390 anno
1533 368 1553 391 a
1579 364 1680 402 partu

265 418 419 466 Virginis
439 420 541 459 1480,
560 418 620 453 sub
639 418 772 453 Jacobo
790 417 906 453 Tertio
924 418 1106 454 Scotorum
1124 431 1214 465 rege.

652 563 715 599 DE
741 563 1005 598 BERNARDO
1031 562 1286 597 GORDONIO.

262 675 493 711 BERNARDUS
526 675 753 716 GORDONIUS,
792 675 944 710 summus
985 674 1205 721 philosophus
1238 679 1273 709 et
1306 675 1459 710 medicus
1505 676 1684 716 excellens,

262 739 400 774 natione
426 751 507 774 vero
533 739 664 780 Scotus,
693 752 736 775 ex
762 739 905 786 antiqua
931 744 966 774 et
991 738 1098 773 nobili
1123 738 1378 773 Gordoniorum
1404 739 1534 775 familia
1560 740 1594 774 in
1624 741 1685 775 Su-

261 803 456 838 therlandia
483 809 593 843 natus,
623 816 644 838 a
668 803 797 838 teneris
821 802 920 838 annis
944 802 1043 837 bonis
1071 801 1181 836 literis
1205 807 1358 836 mentem
1385 804 1564 838 excolendi
1592 806 1685 851 cupi-

260 865 419 907 diffimus,
456 867 673 902 Aberdoniae
703 867 746 902 ad
778 871 915 913 tempus
944 866 1058 901 sedem
1089 865 1165 899 fixit
1199 865 1413 907 studiorum3
1449 868 1508 902 ubi
1538 868 1594 902 vix
1625 869 1683 903 diu

258 936 420 972 moratus,
447 931 614 977 imprimis
641 930 852 966 humanioris
879 930 1079 965 literaturae
1109 929 1276 964 summam
1302 930 1479 976 acquifiw‘t
1512 932 1681 978 peritiam.

258 994 381 1030 deinde
407 994 443 1029 in
469 995 599 1030 Gallias
622 994 799 1041 profectus
830 993 1092 1029 mathematicas
1118 993 1276 1028 scientias
1301 1006 1508 1041 omnemque
1538 996 1683 1042 philoso-

257 1058 374 1104 phiam
392 1058 557 1094 laboriose
583 1058 711 1094 didicit.
765 1058 917 1093 Tandem
942 1058 987 1093 ad
1011 1057 1217 1093 medicinam
1243 1057 1397 1093 animum
1423 1059 1557 1105 adjecit,
1591 1062 1681 1106 quod

256 1122 347 1157 felici
370 1121 517 1158 succefl'u
545 1123 577 1157 ei
607 1128 759 1158 verterat
783 1123 902 1158 Deus:
934 1122 1049 1169 postea
1075 1121 1205 1157 etenim
1232 1122 1276 1156 ad
1303 1122 1490 1158 studiorum
1519 1135 1681 1170 augmen-

255 1191 330 1220 tum
362 1186 568 1221 celebriores
601 1186 708 1221 totius
736 1186 943 1222 Germaniae
973 1185 1165 1221 academias
1198 1185 1308 1232 petiit,
1339 1191 1454 1221 tantos
1488 1187 1611 1222 exinde
1646 1189 1680 1222 in

256 1250 371 1285 studiis
411 1250 492 1285 fecit
525 1250 728 1298 pmgreffus,
762 1256 801 1286 ut
834 1249 980 1297 publicis
1020 1249 1215 1284 academiae
1258 1249 1424 1296 suffragiis
1465 1250 1678 1286 doctoralem

254 1314 399 1360 gradum
433 1315 612 1361 acceperit.
683 1315 761 1357 Quo
788 1315 977 1350 honorifico
1004 1313 1107 1348 titulo
1137 1312 1323 1360 insignitus,
1354 1314 1543 1349 ferventius
1575 1328 1678 1361 quam

254 1375 349 1422 prius
382 1376 417 1410 111
451 1377 691 1424 investigandis
723 1378 923 1412 morborum
960 1376 1121 1412 remediis
1160 1377 1339 1418 laboravit,
1375 1383 1524 1419 naturas,
1559 1391 1678 1425 opera-

254 1439 374 1480 tiones
401 1440 545 1476 effectus
570 1441 765 1481 herbarum,
792 1441 956 1481 radicum,
984 1441 1118 1481 florum,
1145 1445 1180 1475 et
1212 1441 1401 1482 fructuum,
1426 1441 1677 1489 diligentissime

253 1504 436 1551 indagavit.
504 1505 653 1540 Demum
683 1506 738 1540 hic
768 1517 929 1540 numeros
962 1504 1152 1540 medicinae
1183 1504 1388 1551 impleverat
1421 1518 1549 1546 omnes,
1586 1508 1675 1541 unde

252 1568 348 1603 recte
390 1580 433 1603 ex
471 1574 575 1615 poeta
615 1569 748 1604 Graeco
793 1569 856 1604 hos
900 1568 1018 1603 laudat
1063 1568 1231 1604 Horatius
1271 1574 1374 1616 poeta
1417 1570 1551 1617 lyricus,
1595 1584 1674 1606 nam

252 1631 419 1667 Omnibus
448 1633 496 1668 est
524 1633 599 1668 aliis
623 1633 776 1668 medicus
800 1633 1025 1679 praestantior
1052 1645 1164 1674 unus;
1194 1633 1354 1679 peritum,
1383 1633 1519 1674 scilicet,
1546 1635 1671 1670 intelli-

249 1706 334 1740 gens
359 1695 540 1731 medicum.
591 1696 653 1731 Vir
682 1702 757 1731 erat
786 1697 842 1731 hic
868 1696 1066 1731 Bernardus
1092 1702 1127 1731 et
1157 1709 1294 1732 morum
1323 1697 1490 1733 suavitate
1519 1704 1553 1734 et
1579 1699 1673 1734 liter-

251 1770 349 1793 arum
390 1759 517 1794 eximia
558 1760 750 1795 eruditione
797 1758 1004 1801 clarissimus‚
1046 1760 1207 1808 singulari
1250 1774 1332 1808 erga
1374 1763 1487 1798 Deum
1529 1763 1668 1809 pietate,

250 1822 501 1870 praestantique
543 1836 625 1870 erga
660 1824 816 1859 homines
854 1824 1069 1860 humanitate
1095 1838 1103 1866 ;
1149 1824 1352 1873 acceffitque
1391 1827 1435 1862 ad
1476 1828 1670 1873 praeclaras

250 1891 395 1921 naturae
429 1887 527 1922 dotes
558 1893 630 1922 tam
664 1888 808 1934 diligens
841 1887 970 1934 ingenii
1002 1889 1147 1930 cultura,
1191 1894 1230 1924 ut
1263 1889 1295 1924 ei
1328 1902 1428 1936 pares
1462 1891 1521 1926 illa
1553 1898 1666 1927 aetate

249 1961 446 1996 per-paucos,
489 1950 697 1998 superiorem
739 1952 797 1986 vix
839 1963 1045 1998 quenquam,
1088 1952 1269 1988 Britannia
1310 1954 1503 2000 protulerit.
1576 1957 1666 1990 Acer

249 2014 395 2061 ingenio,
437 2015 563 2051 solidus
602 2016 742 2063 judicio,
785 2017 897 2052 clarus
937 2017 1083 2064 eloquio,
1130 2017 1281 2064 prudens
1322 2017 1470 2059 confilio,
1517 2019 1664 2065 denique

249 2078 365 2126 lingua
392 2086 582 2127 promptus,
613 2086 649 2116 et
677 2080 932 2116 conversatione
968 2081 1121 2116 devotus.
1189 2081 1322 2127 Ingenii
1358 2081 1408 2116 sui
1441 2091 1664 2119 monumenta

248 2145 423 2189 praeclara
439 2145 629 2192 posteritati
645 2146 794 2193 reliquit,
813 2146 903 2181 inter
920 2157 1008 2192 quae
1024 2145 1109 2180 haec
1127 2144 1280 2191 subjecta
1297 2153 1522 2182 numerantur
1540 2161 1546 2181 ε

391 2209 560 2250 Ρῐαᾶὶὶοὲι,
579 2209 673 2245 dicta
690 2210 824 2249 Linum,
843 2209 900 2244 lib.

393 2273 574 2310 Tractatus
591 2274 634 2310 de
652 2274 770 2310 decem
788 2273 939 2322 Ingeniis
955 2273 1194 2309 Curandorum
1212 2273 1423 2310 Morborum.
