1913 2692
666 182 729 212 DE
764 182 1101 214 SCRIPTORIBUS
1137 184 1302 215 SCOTIS.
1653 192 1712 221 105

285 271 468 318 Postquam
495 283 603 308 annos
631 272 878 308 adolescentiae
908 273 943 307 in
972 273 1089 309 studiis
1125 274 1303 310 literarum
1338 276 1387 310 illi
1422 279 1527 312 aetati
1562 292 1707 327 congru-

289 336 316 369 is
351 336 383 370 in
417 336 534 371 Scotia
573 335 794 383 transegisset,
834 348 855 372 a
893 337 1086 384 praecipuis
1119 339 1288 374 bonarum
1321 339 1501 376 literarum
1536 344 1702 390 magistris

278 398 528 445 diligentiffime
561 399 712 446 primum
746 400 940 443 instructus,
970 401 1119 437 Galliam
1146 402 1285 449 juvenis
1313 403 1423 450 petiit,
1459 405 1520 440 ubi
1553 406 1698 443 Parifios

279 460 311 495 i'e
352 462 508 502 contulit,
544 467 579 498 et
614 462 720 498 trium
762 463 958 510 linguarum
1000 465 1240 513 principalium
1279 467 1431 504 studiosis
1468 469 1501 505 se
1536 471 1699 506 comitem

276 524 459 570 adjunxit;
501 526 591 560 unde
624 526 801 573 ingenium
835 527 1038 563 instructum
1071 530 1191 565 habuit
1229 543 1298 567 non
1338 533 1471 580 vulgari
1519 534 1698 570 literarum

277 588 482 635 cognitione.
537 590 682 626 Praeter
707 596 844 627 caetera
870 604 951 627 vero
980 592 1068 628 mira
1095 605 1139 628 ex
1169 600 1324 641 tempore
1351 596 1486 632 dicendi
1521 598 1705 634 scribendi-

277 665 343 699 que
381 653 582 695 facunditas,
620 654 669 690 ita
702 659 741 689 ut
775 656 901 690 cimela
940 667 1028 701 quae
1068 658 1315 704 aggrederetur
1357 672 1425 695 non
1469 661 1582 697 minus
1626 663 1704 700 cito,

277 727 379 762 quam
405 716 552 752 feliciter
582 722 618 752 et
647 717 833 764 eleganter,
864 718 1055 764 perficeret.
1115 719 1261 756 Acceffit
1291 722 1335 756 ad
1363 722 1506 759 Latinae
1539 725 1707 761 Graecae-

276 793 342 827 que
378 781 516 828 linguae
553 781 724 828 peritiam,
766 781 1017 817 Hebraicarum
1055 795 1193 830 quoque
1233 785 1412 821 literarum
1455 787 1706 836 intelligentia;

275 845 400 891 quibus
430 857 506 880 eam
539 857 680 892 operam
714 845 811 881 brevi
844 846 1010 893 temporis
1044 847 1152 893 spatio
1186 848 1364 895 impendit,
1400 856 1439 886 ut
1469 864 1538 887 non
1576 854 1705 889 medio—

273 921 366 944 crem
396 914 472 944 tum
505 910 660 945 omnium
689 910 809 945 mundi
839 910 1049 946 naturalium
1080 923 1206 953 rerum,
1241 919 1316 948 tum
1347 903 1516 962 imprimis
1548 918 1699 953 caelestis

274 973 456 1011 doctrinae
485 974 718 1021 cognitionem
747 974 949 1022 perciperet.
1018 976 1165 1012 Intimae
1193 977 1428 1025 philosophiae
1460 980 1576 1016 omnia
1606 994 1704 1017 exac-

273 1036 394 1073 tiffime
417 1038 610 1084 perdidicit,
636 1044 672 1073 et
695 1039 939 1085 eloquentiam,
965 1051 1009 1074 ex
1031 1038 1214 1086 puriffimis
1243 1041 1396 1077 fontibus
1422 1043 1586 1085 haustam,
1614 1047 1702 1080 anti-

273 1113 420 1148 quorrun
454 1103 669 1149 temporibus
703 1109 886 1150 aequatam
921 1103 957 1138 in
991 1103 1123 1150 scriptis
1157 1104 1315 1140 ostendit.
1385 1107 1440 1142 Ad
1482 1108 1700 1154 postremum,

274 1166 459 1202 studiorum
506 1167 677 1203 rationem
730 1179 868 1203 omnem
914 1168 958 1203 ad
1003 1168 1176 1203 sacrarum
1231 1169 1410 1206 literarum
1459 1173 1701 1219 cognitionem,

273 1230 413 1276 egregio
443 1231 617 1266 sacerdote
651 1231 801 1278 dignam,
832 1231 988 1267 contulit.
1056 1231 1137 1267 Fuit
1167 1233 1339 1269 Patricius
1376 1235 1431 1270 hic
1466 1236 1518 1271 vir
1554 1237 1702 1286 integer-

273 1294 380 1330 rimae
414 1295 514 1335 vitae,
545 1307 690 1342 magnae
719 1295 825 1331 etiam
853 1295 1036 1343 gravitatis
1063 1302 1098 1331 et
1128 1295 1328 1339 ferei-itatis,
1358 1298 1503 1347 diligens
1533 1301 1700 1338 virtutum

273 1358 394 1398 cultor,
429 1359 617 1394 acerrimus
650 1359 814 1395 vitiorum
851 1360 936 1400 osor,
974 1365 1011 1394 et
1045 1361 1200 1396 omnium
1233 1361 1406 1398 sectarim]
1440 1370 1476 1399 et
1509 1366 1700 1402 haeresium

272 1423 427 1469 capitalis
460 1423 570 1459 hostis.
640 1424 784 1472 Ingenio
818 1429 892 1459 erat
924 1436 1031 1471 prope
1066 1423 1190 1465 divino,
1227 1425 1363 1472 eloquio
1397 1428 1494 1474 gravi
1529 1435 1564 1464 et
1594 1431 1694 1471 terso,

272 1488 306 1522 in
334 1487 428 1522 omni
455 1487 583 1523 artium
617 1493 652 1523 et
682 1488 936 1536 disciplinarum
964 1500 1091 1535 genere
1123 1487 1344 1531 doetisfimus,
1378 1496 1414 1526 et
1448 1498 1586 1538 praeter
1620 1495 1698 1530 doc-

271 1550 398 1586 trinam
424 1550 637 1598 lingularem,
661 1552 714 1587 vir
739 1558 833 1588 certe
858 1552 1101 1599 perhumanus,
1127 1553 1282 1595 affabilis,
1308 1555 1487 1596 modestus,
1513 1570 1554 1592 ac
1583 1559 1694 1594 multa

272 1613 491 1650 veneratione
517 1615 648 1663 dignus.
700 1616 802 1651 Hunc
833 1621 872 1651 ut
900 1622 1025 1651 natura
1049 1628 1173 1663 parens
1198 1618 1358 1654 maximis
1384 1620 1559 1657 decoravit
1586 1624 1693 1660 animi

270 1677 418 1718 dotibus,
449 1684 483 1713 et
511 1679 661 1715 naturali
690 1680 734 1714 ad
762 1692 879 1714 rerum
914 1680 1125 1727 indagandas
1155 1687 1296 1717 naturas
1324 1691 1612 1730 praeparamento
1648 1688 1697 1722 in-

270 1740 413 1788 signivit,
464 1742 512 1778 ita
560 1743 699 1778 fortuna
744 1745 912 1779 bonorum
963 1745 1108 1780 cumulis
1153 1745 1389 1793 ingentiffimis
1431 1755 1466 1784 et
1507 1750 1693 1797 gratiffima

270 1806 477 1842 dexteritate
502 1819 580 1842 eum
607 1808 780 1844 uberrime
806 1808 955 1844 donavit.
1006 1809 1058 1844 Ne
1083 1815 1201 1846 autem
1226 1811 1372 1859 inceptis
1400 1814 1472 1860 ejus
1498 1817 1689 1862 magnificis

270 1870 395 1905 deell'et
422 1871 672 1913 immortalitas,
700 1872 822 1908 Latine
848 1879 883 1908 et
911 1874 1013 1909 docte
1045 1873 1135 1909 inter
1162 1875 1230 1911 alia
1261 1876 1371 1912 multa
1398 1879 1596 1924 composuit.

414 1935 467 1971 De
486 1936 702 1972 Excellentia
718 1937 825 1973 Verbi
843 1938 917 1979 Dei,
936 1938 992 1973 lib.
1012 1948 1034 1973 Ι.

414 1998 467 2034 De
505 1999 649 2046 Vulgari
691 2000 724 2035 S.
765 2000 962 2048 Scriptiu·ae
999 2001 1125 2042 Phrafi,
1167 2003 1224 2038 lib.
1264 2015 1301 2039 11.
1338 2017 1485 2051 quorum
1519 2007 1613 2053 prior
1653 2010 1694 2043 de

462 2068 603 2109 peccato
629 2064 664 2098 in
690 2063 858 2110 Spiritum
884 2064 918 2098 S.
943 2065 1035 2111 quod
1060 2065 1144 2101 alias
1167 2067 1211 2102 ad
1235 2073 1383 2104 mortem
1408 2075 1443 2104 et
1468 2070 1693 2107 irremissibile

462 2133 595 2167 vocant,
629 2128 785 2168 tractam
820 2127 985 2174 posterior
1015 2141 1096 2163 vero
1126 2129 1346 2167 difficillimos
1379 2133 1532 2181 quosque
1566 2140 1601 2170 et
1635 2137 1693 2171 ob·

461 2189 661 2226 seuriffimos
704 2191 880 2237 utriusque
919 2191 1123 2229 Testamenti
1162 2193 1262 2235 locos,
1302 2196 1472 2233 haetenus
1513 2211 1534 2234 a
1574 2200 1693 2235 multis

1522 2274 1542 2298 P
