1913 2692
595 222 660 252 DE
685 221 1020 252 SCRIPTORIBUS
1045 222 1208 253 SCOTIS.
1572 225 1614 254 33

349 313 429 347 Vita
446 312 576 347 Mariae
594 313 836 359 Aegyptiacae.

349 377 404 410 Ad
421 376 609 411 Monachos
627 376 800 411 Limenses
817 375 986 422 Epistolae
1004 376 1128 422 plures.

203 439 340 486 Scripfit
364 440 467 474 etiam
491 440 638 474 diversas
664 440 707 474 ad
735 440 883 474 diversos
908 439 1082 485 Epistolas‚
1109 441 1292 475 verborum
1319 441 1493 475 venustate
1521 453 1615 486 egre-

199 503 281 549 gias,
307 502 484 537 sententiis
509 503 619 543 utiles,
647 509 681 538 et
707 503 953 538 sententiarum
977 504 1147 538 coloribus
1169 504 1360 543 adornatas,
1384 504 1467 539 teste
1492 504 1615 538 Henri-

199 578 239 601 co
273 567 314 601 de
354 567 528 602 Gandavo.
588 567 731 607 Claruit,
761 580 805 602 ex
834 567 1034 613 Dempstero
1062 572 1097 602 et
1124 567 1207 608 aliis,
1238 580 1328 603 anno
1363 568 1501 602 Domini
1533 570 1613 607 400,

200 630 260 665 sub
278 630 433 677 Eugenio
451 631 562 677 primo
582 631 764 666 Scotorum
783 643 863 677 rege
881 631 972 665 illius
989 632 1144 666 nominis.

751 774 814 809 DE
852 774 1065 809 PELAGIO.

200 886 394 924 PELAGIUS,
429 885 610 920 doclorum
645 885 800 919 omnium
842 884 1009 932 suffragio,
1052 898 1095 920 ex
1138 886 1319 921 Britannia
1360 887 1534 926 oriundus,
1569 888 1612 921 ab

199 949 320 995 Anglis
346 949 507 995 rejicitur,
537 955 703 995 tanquam
733 949 920 983 Britannus
950 949 1223 995 septentrionalis
1252 955 1287 984 et
1314 950 1350 984 in
1378 950 1494 985 Scotia
1523 950 1613 985 inter

199 1013 380 1059 Brigantes
407 1019 515 1053 natus,
545 1013 637 1059 quod
666 1013 771 1048 talem
799 1013 925 1048 scilicet
952 1017 1156 1058 tantumque
1186 1013 1398 1048 haereticum
1421 1014 1457 1048 in
1487 1014 1614 1060 Anglia

197 1083 316 1112 natum
358 1075 423 1111 effe
465 1077 606 1111 minime
640 1077 821 1111 voluerint.
887 1075 956 1110 Alii
991 1077 1096 1111 etiam
1130 1076 1311 1123 scriptores
1352 1089 1432 1112 eum
1471 1078 1612 1112 Scotum

196 1141 309 1186 potius
335 1152 439 1186 quam
469 1140 620 1186 Anglum
651 1139 716 1175 effe
745 1140 948 1180 existimant,
978 1153 1041 1187 pro
1069 1140 1172 1187 ipfius
1202 1141 1330 1187 ingenii
1359 1141 1547 1176 subtilitate
1578 1147 1612 1176 et

195 1205 353 1240 doc'trina
376 1204 494 1251 insigni
518 1217 585 1250 qua
611 1205 773 1250 pollebat.
824 1205 1010 1239 Caeterum
1035 1205 1214 1240 intrudant
1241 1218 1321 1240 eum
1346 1205 1438 1240 inter
1460 1206 1612 1246 nostros;

194 1269 460 1303 condemnamus
490 1268 590 1314 ipfius
620 1280 753 1303 errores
783 1273 818 1303 et
847 1268 1012 1309 haereses,
1044 1270 1324 1304 commendamus
1356 1275 1474 1304 tamen
1507 1270 1613 1316 pluri-

195 1345 289 1367 mum
317 1333 478 1367 eximiam
507 1333 579 1378 ejus
605 1333 843 1372 eruditionem,
870 1345 973 1378 quam
999 1332 1192 1367 luculenter
1216 1332 1296 1368 satis
1326 1333 1361 1367 in
1394 1345 1463 1367 non
1494 1333 1611 1379 paucis

195 1396 266 1441 ejus
287 1396 418 1442 scriptis
440 1396 592 1430 ostendit.
636 1396 711 1430 Hoc
736 1396 767 1430 ei
790 1408 859 1430 non
881 1396 1013 1442 patriae
1034 1401 1095 1431 aut
1117 1396 1275 1442 patriotis
1301 1397 1384 1431 vitio
1407 1397 1610 1431 vertendum

195 1461 249 1499 est,
276 1472 353 1494 cum
384 1460 442 1494 alii
473 1460 645 1494 variarum
674 1460 829 1506 gentiiun
854 1460 917 1494 viri
948 1460 1042 1495 doffi
1071 1466 1151 1495 ante
1181 1473 1222 1495 ea
1257 1461 1361 1495 etiam
1390 1466 1547 1507 tempora
1576 1462 1611 1496 in

194 1524 367 1569 primitiva
384 1523 521 1558 ecclelia
539 1524 727 1563 extiterint,
746 1535 831 1569 quos
852 1524 937 1558 haec
959 1524 1032 1558 lues
1054 1523 1182 1564 invasit,
1201 1524 1253 1559 uti
1275 1524 1515 1564 Tertullianus,
1538 1525 1611 1559 alii-

193 1599 259 1632 que
286 1592 409 1633 patres,
435 1587 527 1632 quod
556 1587 723 1621 testantur
754 1587 952 1627 Rainoldus,
984 1588 1232 1628 XVhittakerus,
1263 1593 1327 1623 etc.
1378 1589 1463 1623 Erat
1494 1595 1610 1624 autem

192 1651 460 1685 Christianorum
488 1650 669 1684 Scotorum
695 1650 899 1697 scriptorum
927 1651 1106 1686 illustrium
1135 1652 1279 1698 scriptor
1307 1652 1464 1692 illustris;
1491 1653 1609 1687 famati

193 1714 282 1748 illius
315 1714 459 1760 Collegii
488 1713 767 1753 Banochorenfis‚
801 1716 844 1749 ab
878 1715 987 1750 altera
1017 1716 1191 1762 legionum
1218 1717 1312 1755 urbe,
1347 1728 1437 1750 nunc
1472 1717 1607 1757 Cesti-ia,

193 1789 261 1811 non
279 1778 406 1823 procul,
430 1776 647 1823 praepofitus‚
666 1777 701 1811 in
728 1789 796 1823 quo
819 1777 1087 1813 Christianorum
1110 1779 1390 1826 philosophorum
1412 1781 1479 1814 duo
1501 1781 1609 1815 millia

191 1852 230 1875 ac
264 1846 403 1875 centum
436 1841 479 1875 ad
513 1841 622 1890 plebis
654 1841 690 1875 in
724 1841 855 1876 Christo
893 1843 1172 1877 commoditatem
1206 1843 1411 1884 militabant,
1442 1856 1607 1879 manuum

192 1905 327 1939 suarum
357 1904 539 1943 laboribus,
563 1904 667 1950 juxta
696 1905 795 1940 Pauli
825 1905 1029 1946 dofflinam,
1059 1907 1257 1942 vicffitantes
1286 1908 1358 1953 post
1389 1908 1515 1943 multos
1544 1921 1607 1955 pro

189 1980 293 2015 grege
312 1968 433 2003 Christi
451 1968 608 2009 sudores;
635 1969 687 2003 vir
704 1969 880 2015 utriusque
906 1969 1052 2017 linguae,
1076 1971 1228 2006 Graecae
1251 1977 1285 2006 et
1308 1972 1459 2012 Latinae,
1478 1985 1606 2019 gnarus

190 2032 383 2072 admodum,
402 2037 437 2066 et
455 2032 547 2067 omni
570 2032 710 2067 scientia
729 2033 988 2069 cumulatiffime
1009 2035 1203 2070 instr116'tus.
1239 2035 1491 2070 Nonnullorum
1509 2036 1605 2070 cleri-

191 2107 308 2130 corum
334 2094 502 2130 laceffitus
526 2096 666 2142 injuriis,
695 2097 781 2132 adeo
806 2097 975 2143 gravatim
1000 2097 1090 2138 tulit,
1117 2103 1156 2132 ut
1181 2098 1320 2133 tandem
1343 2111 1364 2133 a
1388 2099 1455 2132 fide
1479 2099 1604 2134 Catho-

191 2159 255 2193 lica
288 2159 323 2193 in
358 2159 529 2194 nonnullis
559 2159 638 2194 fidei
668 2160 821 2195 articulis
850 2161 1022 2195 defecerit.
1081 2160 1301 2195 Postmodum
1335 2161 1370 2195 in
1401 2161 1538 2201 Gallias,
1568 2163 1602 2196 in

190 2222 379 2263 Graeciam,
414 2224 619 2270 Aegyptum,
651 2229 685 2258 et
713 2224 847 2270 Syriam
877 2224 909 2259 se
939 2224 1094 2263 contulit,
1125 2224 1301 2270 variasque
1337 2224 1421 2259 alias
1452 2225 1603 2260 Orientis

190 2291 322 2331 partes;
348 2287 404 2321 ubi
427 2299 470 2321 ex
497 2299 614 2322 earum
637 2287 787 2333 partium
812 2288 980 2323 monacho
1004 2287 1137 2334 praesul
1161 2287 1346 2328 ordinatus,
1370 2288 1601 2324 detestabilem

1195 2345 1217 2370 F
