1913 2692
643 120 704 150 DE
740 119 1073 150 SCRIPTORIBUS
1109 121 1271 150 SCOTIS.
1620 124 1673 152 101

250 210 424 256 optimam,
457 209 585 245 solicite
613 222 634 245 a
666 210 875 256 parentibus,
909 209 1027 244 illustri
1058 210 1213 256 prosapia
1244 211 1340 249 natis,
1370 212 1413 246 ad
1444 213 1608 258 pietatem
1638 220 1670 248 et

248 274 355 309 studia
389 275 556 309 bonarum
587 273 715 308 artium
748 273 900 307 nutritus
933 272 988 307 est.
1058 273 1129 308 Nec
1159 273 1269 309 defuit
1299 275 1379 309 huic
1413 276 1503 310 bono
1538 276 1672 310 consilio

250 338 330 372 felix
367 342 534 376 eventus3
568 337 679 383 primo
713 336 805 370 enim
840 336 957 370 literas
991 336 1210 371 humaniores
1240 344 1402 373 accurate
1437 338 1565 377 didicit,
1593 352 1672 374 mox

249 402 292 436 ad
313 401 436 436 altiora
462 400 628 446 paulatim
658 399 850 439 ascendens,
881 400 1115 447 philosophiae
1143 402 1354 437 curriculum
1381 402 1487 438 etiam
1518 403 1673 438 emensus

250 465 295 500 est
315 478 323 505 ;
353 464 466 510 postea
490 463 692 510 theologicis
717 463 833 498 studiis
864 463 896 498 se
921 469 1034 498 totum
1065 465 1204 504 dedidit,
1231 471 1267 500 et
1292 466 1464 501 sacrarum
1495 466 1672 501 literarum

250 529 346 564 usum
373 528 434 563 fibi
459 528 663 564 familiarem
688 528 860 569 reddidit;
886 541 907 563 a
930 528 1050 575 primis
1076 529 1166 564 enim
1192 530 1291 565 annis
1317 530 1452 566 deditus
1477 530 1674 578 dicatusque

252 592 352 628 sacris
384 592 460 633 fuit,
494 604 557 627 nec
591 592 776 639 quicquam
809 592 904 638 prius
939 591 1061 627 habuit
1097 605 1200 639 quam
1236 594 1310 628 Deo
1345 599 1380 628 ct
1415 595 1518 629 rebus
1552 594 1674 629 divinis

253 656 423 691 inservire.
475 656 627 690 Tandem
654 656 698 690 ob
727 655 929 702 {iugularem
958 656 1122 691 virtutem
1151 663 1186 693 et
1211 657 1450 697 eruditionem,
1477 659 1576 694 bonis
1604 671 1675 694 om—

253 720 361 760 nibus,
395 719 628 766 imprimisque
662 719 735 766 regi
767 719 900 754 Jacobo
938 719 1078 760 Quinto,
1119 733 1218 755 carus
1254 721 1379 761 extitit,
1416 722 1508 757 unde
1541 734 1621 757 eum
1656 735 1675 757 a

253 782 494 819 confessionum
524 783 661 818 secretis
690 782 780 817 fecit.
847 783 915 817 Sed
945 782 1067 828 postea,
1098 782 1229 818 relictis
1260 783 1416 823 fortunis,
1446 783 1482 818 in
1513 784 1675 830 Angliam

254 847 286 882 se
325 847 454 893 recepit
487 846 662 893 religionis
695 857 777 892 ergo
810 846 913 880 homo
954 845 1198 893 usquequaque
1235 847 1338 893 pius;
1378 848 1469 882 fama
1510 847 1672 895 siquidem

252 916 440 958 acceperat,
478 911 550 957 post
587 910 788 945 Cimmerias
823 910 993 949 tenebras,
1023 910 1058 944 in
1094 910 1221 958 Anglia
1255 911 1426 946 Christum
1459 911 1496 946 in
1524 912 1675 958 puritate

254 975 423 1022 evangelii
452 973 732 1021 resplendescere.
803 973 997 1008 Londinum
1026 973 1134 1020 igitur
1167 973 1313 1021 impiger
1345 974 1455 1021 petiit,
1489 974 1558 1015 ubi,
1593 975 1675 1010 teste

256 1039 370 1079 Baleo,
399 1045 416 1058 ·‘
433 1038 484 1072 vir
504 1038 634 1072 multae
660 1049 699 1072 ac
725 1036 922 1083 perspicuae
948 1037 1160 1078 eruditionis,
1187 1038 1279 1073 inter
1307 1037 1393 1073 alios
1421 1038 1573 1074 caelestis
1597 1039 1675 1073 doc-

252 1104 364 1138 trinae
389 1113 584 1149 praecones,
609 1100 846 1136 concreditum
874 1099 933 1135 fibi
959 1101 1131 1136 talentum
1156 1103 1271 1145 (nemo
1301 1103 1446 1148 felicius)
1472 1103 1508 1138 in
1536 1103 1674 1137 Domini

254 1168 303 1202 sui
329 1167 463 1202 lucrum
489 1165 652 1212 exposuit.
698 1166 737 1200 In
763 1177 888 1211 magna
917 1164 1047 1200 virtute
1080 1165 1227 1212 spiritus,
1255 1166 1472 1213 evangelicus
1494 1166 1673 1212 interpres,

257 1231 452 1277 Scripturas
491 1230 617 1265 ibidem
661 1241 703 1263 ex
742 1228 843 1263 sacris
886 1228 1060 1263 codicibus
1101 1241 1163 1276 per
1204 1230 1390 1277 synagogas
1432 1229 1558 1269 docuit,
1610 1230 1675 1264 fre-

257 1294 510 1342 quentissimum
540 1293 670 1327 habens
701 1292 920 1327 auditorium.
975 1292 1103 1333 Unde‚''
1129 1293 1242 1340 inquit
1269 1293 1360 1328 idem
1388 1294 1523 1333 Baleus,
1555 1300 1573 1311 ‘⁵
1592 1293 1677 1327 salu—

256 1360 393 1395 tiferam
431 1357 607 1393 scientiam
644 1369 713 1391 non
749 1369 792 1391 ex
829 1356 1009 1391 hominum
1045 1357 1257 1397 commentis,
1295 1363 1356 1392 aut
1397 1356 1676 1403 philosophorum

258 1424 401 1470 placitis,
436 1422 492 1456 sed
528 1433 571 1456 ex
605 1419 787 1467 puriflimis
820 1420 911 1455 vitae
945 1420 1155 1456 Christianae
1188 1421 1340 1456 fontibus
1377 1421 1506 1461 eduxit,
1540 1425 1579 1454 ut
1615 1420 1675 1454 ho-

259 1488 367 1523 mines
397 1487 441 1522 ad
472 1486 584 1520 sacrae
615 1484 773 1519 lectionis
804 1484 950 1518 studium
981 1485 1162 1520 alliceret?
1212 1485 1341 1520 Factus
1366 1485 1412 1519 est
1437 1484 1516 1519 inde
1542 1484 1675 1521 Carolo,

260 1551 439 1588 clariflimo
465 1549 753 1596 Sudovolgiorum
779 1549 866 1589 duci,
892 1561 914 1583 a
938 1548 1167 1584 concionibus.
1226 1548 1311 1584 Erat
1340 1548 1450 1583 multa
1483 1547 1674 1583 eruditione

259 1617 451 1655 instrufflms,
476 1620 510 1649 et
537 1615 573 1649 in
602 1613 704 1649 sacris
732 1611 979 1653 versatissimus,
1011 1612 1063 1646 vir
1092 1612 1198 1647 animi
1224 1611 1375 1653 modesti,
1404 1624 1424 1647 a
1452 1611 1538 1646 fastu
1562 1610 1673 1651 alieni,

257 1686 292 1715 et
309 1690 527 1726 nequaquam
545 1677 701 1712 sublimia
717 1676 951 1723 quaeritantis.
1003 1675 1143 1722 Scripsit

403 1743 445 1777 In
462 1747 644 1787 utramque
662 1740 847 1787 Epistolam
864 1739 970 1780 Petri,
988 1739 1045 1775 lib.
1064 1750 1103 1774 11.

405 1808 446 1842 In
463 1806 662 1842 canonicam
678 1805 811 1845 Jacobi,
828 1805 886 1840 lib.
905 1815 928 1840 1.

405 1872 445 1906 In
463 1872 634 1906 Actorum
651 1869 843 1905 octodecim
861 1869 992 1916 Capita,
1010 1869 1067 1904 lib.
1086 1879 1109 1903 1.

404 1933 600 1971 Procefl'um
617 1934 695 1969 suae
712 1933 994 1973 Emminationis,
1012 1932 1070 1968 lib.
1088 1943 1111 1968 1.

407 1999 590 2034 Sermones
606 1998 650 2033 ad
667 2002 852 2043 utrumque
871 1997 1018 2038 Statum,
1037 1997 1094 2032 lib.

406 2063 596 2098 Conciones
613 2061 765 2097 eruditas
782 2066 818 2096 et
835 2061 1087 2097 Annotationes
1104 2061 1139 2096 in
1157 2061 1251 2096 sacra
1267 2061 1403 2107 eloquia
1419 2061 1544 2107 plures.

264 2129 358 2164 Obiit
405 2139 495 2162 anno
541 2126 658 2162 salutis
704 2126 874 2160 humanae
921 2126 1014 2159 1542
1058 2126 1093 2159 in
1136 2123 1343 2159 illustriffimi
1389 2124 1674 2171 Sudovolgiorum

263 2193 358 2228 ducis
392 2192 507 2228 Caroli
546 2191 658 2232 domo,
692 2190 891 2237 relinquens
928 2189 1144 2236 praedictum
1179 2200 1265 2236 opus
1298 2189 1340 2224 de
1374 2189 1432 2224 sua
1466 2189 1675 2225 tractatione
