1913 2692
616 196 677 226 DE
718 194 1050 225 SCRIPTORIBUS
1085 195 1246 225 SCOTIS.
1589 198 1629 229 59

219 286 277 321 fibi
311 287 455 321 docebat
488 286 633 331 plebem.
701 285 796 319 Haec
829 285 912 320 ille:
955 285 1055 330 plura
1088 284 1141 319 his
1175 284 1292 320 limilia
1326 286 1479 320 referunt
1514 287 1556 320 de
1590 300 1630 321 eo

217 349 371 384 Lessaeus
400 350 510 384 noster
540 354 574 383 et
609 348 741 383 Pitseus
772 349 913 395 Anglus.
981 349 1096 394 Longo
1127 361 1207 383 vero
1237 349 1337 383 aliter
1368 349 1521 396 depingit
1551 362 1628 384 eum

217 414 350 454 Baleus,
385 414 466 447 dum
501 414 558 453 ait,
598 414 745 448 Centum
780 413 888 448 millia
922 413 1100 447 hominum
1135 413 1336 448 charactere
1377 413 1552 460 pontificio
1594 415 1628 448 in

216 478 362 512 Bavaria
403 477 553 524 signavit,
588 489 628 511 ac
661 482 793 511 terrore
834 477 943 523 magis
985 489 1088 522 quam
1131 477 1188 522 pia
1229 477 1387 512 doctrina
1429 478 1625 512 Antichristi

214 553 320 588 regno
359 540 639 587 conglutinavit:
684 546 821 586 praeter
861 541 895 574 id
938 541 1028 586 quod
1065 540 1101 574 in
1143 541 1263 575 Galliis
1302 541 1515 575 sacerdotum
1558 542 1626 575 illic

214 605 366 640 omnium
409 605 567 651 princeps
613 604 761 644 fecerit;
807 604 992 639 celebravit
1035 604 1187 651 synodos,
1230 605 1401 639 ordinavit
1443 605 1623 651 episcopos,

211 669 425 703 confirmavit
452 668 648 708 missatores‚
675 667 877 702 monasteria
905 667 1066 708 condidit,
1093 669 1250 715 conjugia
1275 669 1505 703 ministrorum
1530 669 1624 703 dam-

211 733 314 773 navit,
340 732 632 778 peregrinationes
662 731 814 771 instituit,
840 731 1077 777 purgatorium
1104 732 1229 772 docuit,
1255 738 1471 767 mortuorum
1495 732 1563 767 oll'a
1589 739 1622 767 et

212 796 376 842 imagines
422 796 575 830 venerari
612 795 715 841 justit,
759 795 898 829 vestales
939 795 1230 830 sermocinatrices
1277 802 1397 830 contra
1439 797 1480 830 D.
1523 797 1620 832 Pauli

210 859 402 894 doctrinam
440 858 580 898 admisit,
623 858 802 903 effecitque
836 863 874 892 ut
904 869 982 892 cum
1024 858 1253 893 oblationibus
1285 860 1439 906 plerique
1474 861 1620 895 Romam

209 923 352 957 adirent.
420 922 650 956 Childericum
684 921 876 967 legitimum
911 921 1122 956 Francorum
1156 935 1272 969 regem
1306 923 1484 969 tyrannice
1518 924 1619 970 depo-

208 987 282 1025 suit,
312 986 473 1032 Pipinum
503 986 712 1031 proditorem
742 985 814 1031 ejus
843 985 918 1020 loco
945 985 1123 1025 substituit,
1154 998 1194 1020 ae
1222 986 1388 1032 populum
1413 999 1549 1021 omnem
1575 989 1618 1022 ab

208 1051 279 1096 ejus
305 1050 469 1084 fidelitate
496 1049 663 1089 absolvit;
694 1054 729 1084 et
758 1049 843 1084 haec
869 1049 985 1084 omnia
1011 1050 1264 1096 pontificiorum
1291 1063 1460 1086 canonum
1490 1051 1618 1085 virtute

205 1114 285 1160 egit.
352 1114 654 1160 Longobardoriun
684 1112 820 1159 insuper
853 1113 966 1148 nobile
999 1126 1144 1161 regnum
1178 1114 1213 1149 in
1250 1114 1345 1149 Petri
1372 1114 1615 1160 patrimonium

206 1178 383 1217 convertit,
414 1190 453 1212 ac
481 1179 677 1212 Romanurn
708 1177 891 1223 imperium
917 1177 1066 1212 mirabili
1091 1177 1236 1212 artificio
1261 1178 1410 1217 tandem,
1438 1178 1529 1224 quod
1555 1178 1616 1212 sta-

203 1242 267 1276 tim
292 1241 504 1287 sequebatur,
531 1254 551 1275 a
577 1241 717 1276 Graecis
742 1241 912 1275 transtulit
937 1242 981 1276 ad
1006 1242 1132 1281 Gallos,
1160 1247 1223 1277 etc.
1280 1242 1464 1287 Utcunque
1490 1241 1538 1282 fit,
1565 1242 1616 1276 vir

205 1312 279 1341 erat
304 1306 441 1352 ingenio
469 1305 609 1345 subtilis,
638 1310 673 1339 et
703 1311 774 1339 tam
801 1305 837 1338 in
862 1304 964 1339 sacris
989 1318 1091 1351 quam
1117 1306 1268 1352 profanis
1293 1305 1401 1340 literis
1426 1306 1517 1340 haud
1544 1307 1615 1340 vul-

204 1370 333 1416 gariter
362 1370 505 1409 doctum
536 1369 578 1403 de
611 1381 678 1414 quo
713 1369 781 1403 tale
811 1368 1040 1403 testimonium
1069 1368 1210 1414 profert,
1245 1369 1336 1403 inter
1363 1369 1430 1403 alia
1457 1369 1613 1415 plurima,

204 1433 390 1479 Gregorius
411 1445 499 1478 papa
521 1432 706 1467 Secundus.
753 1442 769 1450 ⁵*
782 1432 1016 1477 Experimur,’'
1038 1431 1150 1478 inquit
1172 1444 1261 1477 papa
1286 1432 1330 1466 ad
1353 1444 1432 1466 eum
1455 1431 1611 1469 scribens,

203 1506 220 1517 *⁶
233 1504 268 1532 te
297 1498 340 1531 ab
370 1497 513 1531 infantia
540 1496 650 1531 sacras
678 1496 794 1530 literas
823 1495 981 1533 didiciffe.
1010 1495 1249 1542 profectusque
1280 1496 1429 1530 indolem
1459 1496 1503 1530 ad
1532 1509 1613 1543 aug-

202 1568 357 1596 mentum
392 1561 512 1595 talenti
546 1561 688 1595 caelitus
721 1560 851 1600 crediti,
885 1559 1068 1606 prospectu
1101 1559 1207 1594 divini
1239 1559 1381 1599 timoris,
1416 1561 1611 1600 extendere,

202 1626 368 1664 videlicet,
402 1625 548 1671 gratiam
583 1624 786 1670 cognitionis
823 1623 973 1658 caelestis
1002 1623 1132 1657 oraculi
1165 1623 1200 1657 in
1233 1623 1386 1658 laborem
1420 1623 1611 1667 salutiferae

201 1689 463 1736 praedicationis
489 1688 711 1734 expendere.''
762 1688 815 1722 De
842 1700 882 1722 eo
910 1688 1014 1722 etiam
1039 1687 1182 1722 testatur
1210 1687 1387 1722 Marianus
1414 1688 1546 1728 Scotus,
1577 1694 1611 1723 et

202 1753 374 1788 Arnoldus
416 1752 538 1792 Uvion,
581 1752 769 1786 monachus
810 1751 1065 1791 Benedictinus‚
1109 1751 1292 1791 Ulbardus,
1336 1751 1450 1786 Caroli
1493 1752 1610 1798 Magni

200 1817 403 1863 capellanus,
422 1821 456 1850 et
477 1816 545 1850 alii.
590 1816 691 1856 Quod
714 1815 749 1849 in
773 1816 892 1850 Docko
916 1814 1040 1850 Friliae
1064 1815 1189 1862 oppido
1211 1814 1322 1861 paffus
1344 1814 1383 1850 fit
1404 1815 1608 1856 Bonifacim,

199 1894 242 1916 ex
279 1881 460 1915 Scotorum
497 1880 667 1925 languine,
703 1880 814 1926 inquit
849 1879 1033 1919 Marianus,
1067 1879 1338 1925 archiepiscopus
1376 1879 1608 1925 Mogunfinus,

197 1944 461 1980 Germaniarum
487 1943 663 1989 apostolus,
691 1949 725 1977 et
750 1943 951 1989 apostolicus
973 1956 994 1978 a
1019 1943 1126 1978 latere
1154 1943 1309 1989 legatus3
1334 1943 1392 1989 qui
1423 1943 1608 1978 indomitae

197 2009 291 2055 genti
320 2008 529 2054 praedicans,
560 2012 757 2053 peremptus
787 2007 834 2041 est
864 2019 943 2041 cum
968 2006 1218 2052 quinquaginta
1248 2006 1380 2040 (luobus
1410 2006 1514 2045 sociis,
1549 2008 1605 2052 qui

199 2085 316 2107 omnes
340 2072 433 2106 Scoti
457 2078 517 2106 aut
550 2071 662 2117 Angli,
687 2077 721 2105 et
748 2071 892 2105 instituti
912 2069 1129 2104 Benedictini
1152 2068 1249 2103 fuiffe
1272 2069 1472 2115 produntur.
1524 2070 1607 2105 Cae-

197 2144 309 2171 terum
327 2136 476 2170 hominis
493 2135 667 2181 ingenium
687 2140 721 2169 et
739 2134 843 2169 etiam
860 2134 994 2168 animus
1012 2134 1046 2167 in
1063 2133 1196 2179 scriptis
1213 2133 1342 2179 optime
1360 2133 1581 2169 innotescent.

341 2199 567 2245 Epistolarum
609 2199 653 2233 ad
698 2198 844 2232 summos
886 2197 1070 2232 Pontifices
1111 2197 1295 2243 Gregorios
1337 2197 1531 2232 Secundum
1571 2204 1605 2234 et
