1913 2692
626 253 687 283 DE
707 251 1039 283 SCRIPTORIBUS
1064 252 1225 282 SCOTIS.
1620 255 1639 286 9

623 431 686 465 DE
712 430 932 465 ROBERTO
958 429 1222 464 LANGLAND.

218 547 414 581 RoBERTUs
442 544 657 583 LANGLAND‚
687 543 825 578 natione
856 542 987 580 Scotus‚
1015 540 1216 587 profellione
1243 540 1406 580 sacerdos,
1433 540 1485 574 vir
1511 552 1553 575 ex
1571 541 1630 576 ob-

216 609 320 644 scuris
349 614 445 642 ortus
473 607 681 653 parentibus,
707 606 783 652 pius
810 606 995 640 admodum
1018 611 1052 639 et
1089 605 1291 651 ingeniosus,
1327 610 1362 639 et
1391 604 1464 639 zelo
1494 604 1628 640 divinae

215 673 343 719 gloriae
373 672 503 718 plenuS‚
534 671 624 705 inter
653 670 838 705 monachos
862 669 1106 704 Benediffcinos
1133 669 1298 704 educatus
1325 668 1360 704 in
1390 668 1529 703 civitate
1559 669 1629 703 Ab-

214 735 398 776 erdonenfi,
424 736 477 770 vir
505 736 624 781 utique
652 740 726 769 erat
749 734 784 768 in
811 734 903 768 omni
920 733 1123 768 humaniore
1149 733 1330 768 literatura
1343 732 1517 779 infigniter
1551 734 1628 768 doc-

214 808 277 837 tus.
297 805 331 834 et
349 800 384 834 in
401 799 571 834 medicina
587 799 771 833 admodum
799 798 918 832 clarus.
966 798 1066 832 Pium
1085 810 1170 844 opus
1187 798 1341 832 sermone
1368 798 1500 843 vulgari
1527 797 1628 843 scrip-

215 864 262 900 fit.
281 864 337 899 cui
362 863 503 898 titulum
520 862 688 908 imposuit,

358 927 528 961 Vilionem
546 926 641 961 Petri
660 925 825 965 Aratoris,
844 925 900 959 lib.
920 936 943 959 Ι.

359 991 427 1025 Pro
445 990 612 1036 Conjugio
630 988 865 1028 Sacerdotum,
884 988 941 1023 lib.
960 1000 984 1023 1.

212 1055 344 1091 Clamit
377 1067 467 1090 anno
507 1054 629 1089 Christi
660 1053 901 1100 Redemptoris
946 1055 1048 1093 1369,
1091 1059 1257 1100 regnante
1298 1053 1429 1088 Davide
1470 1053 1627 1088 Secundo

214 1120 247 1154 in
265 1119 388 1154 Scotia.

636 1263 698 1297 DE
724 1262 927 1297 NICOLAO
953 1261 1201 1297 DURHAMO.

211 1377 241 1411 N
245 1387 395 1411 iconAus
422 1377 646 1415 Donamus,
672 1375 810 1410 natione
835 1375 966 1415 Scotus,
993 1387 1062 1409 non
1091 1375 1183 1421 quod
1201 1379 1301 1410 natus
1319 1373 1401 1410 effet
1425 1374 1461 1408 in
1486 1374 1624 1410 civitate

212 1440 430 1476 Dunelmenfi
467 1441 516 1475 ita
557 1440 685 1479 dicius,
723 1439 779 1474 sed
808 1439 899 1485 quod
929 1439 995 1473 hoc
1026 1450 1216 1484 cognomen
1255 1439 1299 1472 ab
1328 1437 1471 1484 antiqua
1497 1438 1626 1472 familia

212 1505 468 1539 Durhamorum
497 1504 532 1538 in
560 1504 675 1538 scotia
704 1508 891 1549 acceperat.
947 1502 1041 1537 Licet
1068 1503 1150 1536 urbs
1175 1502 1234 1536 illa
1261 1501 1417 1536 Durham
1444 1502 1622 1535 Scotorum

212 1569 355 1615 imperio
390 1574 472 1603 tunc
507 1568 671 1614 temporis
705 1567 858 1613 subjecta
892 1566 1004 1606 fuerit,
1039 1565 1169 1612 pariter
1203 1571 1319 1601 tamen
1357 1565 1516 1599 monachi
1550 1570 1624 1599 tum

211 1633 314 1680 Angli
353 1638 428 1667 tum
466 1632 560 1667 Scoti
601 1632 637 1666 in
665 1631 842 1677 utriustlue
876 1630 973 1676 regni
1003 1629 1214 1664 monasteriis
1250 1634 1372 1664 mutuo
1397 1629 1526 1675 recepti
1555 1629 1626 1663 fue-

212 1702 302 1731 runt.
354 1696 419 1730 Hic
449 1701 549 1731 natus
578 1696 691 1730 fuerat
720 1695 755 1729 in
782 1696 867 1730 urbe
893 1691 1105 1728 Dunbarenfi
1131 1693 1167 1726 in
1192 1692 1335 1729 Mei-nia,
1362 1698 1397 1727 et
1433 1692 1468 1726 in
1504 1692 1623 1726 eadem

213 1761 325 1795 schola
357 1761 542 1800 educatus3
576 1760 690 1806 postea
718 1764 832 1794 aetate
860 1757 1057 1804 provecffior
1082 1757 1125 1791 ad
1165 1756 1412 1791 Dunelmenl'es
1437 1757 1623 1791 monachos

212 1824 257 1859 est
299 1824 483 1870 profectus,
517 1823 575 1857 ubi
616 1823 803 1857 monachus
842 1822 971 1856 Beatae
1004 1822 1154 1867 Virginis
1192 1821 1304 1856 faetus
1334 1821 1380 1855 est
1423 1821 1464 1855 de
1504 1821 1623 1855 Monte

212 1888 370 1924 Carmeli.
415 1887 547 1922 Deinde
573 1887 747 1933 profectus
774 1887 820 1921 est
847 1886 1041 1925 Oxoniumg
1070 1885 1197 1919 ibidem
1230 1885 1263 1919 in
1295 1885 1416 1919 scholis
1444 1884 1548 1919 solide
1566 1886 1625 1919 do—

213 1953 330 1992 cendo,
361 1957 396 1986 et
425 1951 596 1986 subtiliter
625 1950 836 1997 disputando,
865 1961 1029 1996 magnum
1067 1949 1125 1984 fibi
1156 1962 1281 1984 nomen
1321 1948 1504 1994 acquisivit,
1538 1949 1624 1983 adeo

212 2022 251 2052 ut
275 2017 390 2052 dictus
413 2016 517 2050 fuerit
542 2015 656 2062 postea
680 2015 768 2050 alter
795 2015 892 2050 Duns
910 2015 1041 2049 Scotus.
1093 2014 1195 2055 Quod
1219 2019 1335 2048 autem
1365 2013 1408 2047 ad
1434 2013 1506 2059 ejus
1531 2013 1625 2047 lucu-

212 2081 386 2116 brationes
423 2080 556 2119 attinet,
606 2084 744 2125 praeter
785 2079 897 2114 aliena
939 2090 1044 2124 opera
1086 2077 1322 2123 compendiose
1369 2076 1500 2122 scripta,
1541 2076 1625 2110 haec

213 2145 411 2181 contexuit:

357 2209 468 2255 Super
485 2207 684 2254 Magistrum
703 2206 969 2245 Sententiarum,
988 2205 1044 2240 lib.
1063 2216 1113 2239 1v.

359 2272 548 2319 Originalia
565 2272 768 2311 Doctorum,
785 2271 842 2306 lib.
861 2280 884 2304 1.

360 2336 675 2371 Determinationes
693 2333 946 2376 Quaestionum,
964 2333 1021 2368 lib.
1040 2344 1062 2367 1.
