1913 2692
277 238 295 265 4
663 241 725 271 DE
760 239 1091 272 SCRIPTORIBUS
1124 241 1286 271 SCOTIS.

271 339 352 372 pore
371 328 522 363 Joannes
546 337 772 376 cognomento
797 337 831 366 et
857 331 994 366 natione
1020 331 1151 372 Scotus,
1178 336 1212 366 et
1238 329 1400 366 Claudius
1425 331 1592 372 Clemens,
1619 332 1678 377 qui

271 404 348 426 cum
374 393 415 426 D.
438 393 534 427 Beda
558 394 697 429 Graecis
722 400 757 429 et
779 395 908 429 Latinis
933 395 1041 429 literis
1066 407 1204 440 operam
1230 399 1450 435 navaverunt,
1473 395 1507 428 in
1530 395 1678 430 Galliam

271 455 538 500 proficiscuntur,
568 457 627 491 ubi
653 458 811 492 Clemens
836 462 871 492 et
895 458 1047 492 ›Joannes
1073 458 1203 498 Scotus,
1233 458 1297 492 viri
1322 457 1510 492 facetiffimi
1539 458 1677 504 ingenii,

272 519 307 552 in
340 519 477 564 publico
518 520 592 554 foro
626 520 782 555 Lutetiae
824 521 1052 556 eruditionem
1085 521 1179 556 suam
1221 521 1378 556 omnibus
1411 521 1566 556 venalem
1600 533 1678 567 pro-

270 581 464 627 posuerunt.
515 582 567 616 De
596 583 696 628 hujus
725 583 856 628 scriptis
885 584 979 617 nulla
1009 585 1052 618 ad
1082 585 1210 619 nostras
1237 597 1359 620 manus
1391 597 1587 631 pervenere,
1617 584 1676 619 nifi

271 646 360 691 quod
386 645 497 680 fuerat
522 645 574 679 vir
599 645 752 680 eruditus
777 650 812 680 et
837 645 913 691 pius
937 647 1165 682 concionator.

662 787 725 822 DE
750 788 956 822 DANIELE
983 788 1230 822 VIENTANO.

270 901 416 934 DANIEL
440 900 667 939 V1ENTANUS,
693 899 871 945 Madulphi
897 899 990 933 Scoti
1016 911 1129 945 nepos,
1156 904 1191 934 et
1216 899 1399 945 aliquando
1425 897 1615 944 discipulus,
1639 899 1673 932 in

272 963 452 998 Lothiania
475 974 580 1008 prope
606 962 770 996 Merciam
796 962 968 1001 oriundus,
998 963 1164 997 natalium
1189 963 1366 1008 splendore
1397 962 1517 1002 clarus,
1544 962 1596 996 vir
1622 962 1673 996 in-

270 1027 371 1073 genio
411 1037 563 1072 magnus,
598 1030 632 1059 et
665 1025 823 1071 politiore
857 1025 1036 1060 literatura
1068 1026 1229 1066 imbutus,
1273 1026 1345 1071 post
1379 1025 1489 1060 varias
1523 1026 1673 1072 peregri-

271 1089 426 1123 nationes
459 1089 493 1122 in
527 1088 654 1123 exteris
694 1087 891 1134 regionibus
923 1088 1099 1134 susceptas,
1142 1090 1313 1124 Adhelmo
1353 1094 1578 1124 conterraneo
1612 1088 1671 1123 suo

270 1152 357 1185 fidus
390 1151 539 1186 Achates
568 1156 603 1185 et
630 1150 739 1185 socius
767 1156 850 1190 erat,
884 1151 919 1185 in
952 1151 1092 1187 scientia
1125 1153 1380 1199 Scripturarum
1410 1152 1592 1199 diligenter
1622 1152 1672 1186 in-

270 1215 436 1255 struem&
473 1214 545 1260 post
584 1214 696 1249 factus
733 1213 907 1260 episcopus
941 1215 1226 1252 Lindisfernenfis.
1287 1215 1487 1262 Conscripfit
1524 1214 1671 1261 plurima

270 1279 363 1313 leem
398 1278 508 1324 digna,
543 1278 665 1324 quibus
698 1277 794 1313 Beda
825 1277 861 1311 in
893 1278 1152 1315 concinnatione
1185 1279 1264 1315 suae
1297 1279 1454 1315 historiae
1484 1277 1670 1325 plurimum

269 1343 438 1376 utebatur.
489 1341 626 1387 Scripfit

413 1404 596 1439 Historiam
622 1404 770 1439 Merciae
796 1408 831 1439 et
856 1404 1132 1441 Northumbriae.

413 1468 619 1502 Australium
646 1468 819 1502 Saxonum
846 1468 915 1502 Res
939 1469 1055 1514 gestas.

413 1530 529 1564 Vitam
555 1530 690 1565 Ceddae
715 1530 807 1576 apud
832 1530 959 1565 Pictos.

411 1594 452 1627 In
478 1593 619 1627 Obitum
644 1593 806 1627 Adhelmi
831 1595 1055 1635 conterranei,
1081 1595 1138 1630 lib.
1165 1605 1188 1629 Ι.

413 1657 469 1690 Ad
494 1656 653 1702 Virgines
679 1656 800 1691 Sacras
826 1657 1001 1702 Epistolas.

269 1722 313 1755 Et
338 1720 405 1755 alia
431 1732 517 1766 quae
539 1731 606 1753 non
632 1719 811 1754 habentur.
862 1720 915 1753 Ex
936 1720 1000 1755 hac
1021 1721 1092 1755 vita
1116 1720 1276 1768 migravit
1298 1732 1387 1756 anno
1412 1720 1504 1767 pacis
1525 1732 1668 1768 evange-

269 1785 352 1819 licae
380 1784 457 1823 746,
483 1788 648 1829 regnante
673 1783 708 1817 in
735 1782 849 1818 Scotia
874 1783 1022 1818 Ethfino.

837 1926 899 1960 DE
924 1926 1096 1961 BARRO.

269 2038 420 2072 BARRUS
442 2037 579 2072 natione
597 2036 727 2077 Scotus,
746 2048 788 2071 ex
810 2036 915 2071 nobili
937 2042 971 2071 et
994 2037 1111 2073 illustri
1132 2038 1262 2073 familia
1283 2037 1456 2077 oriundus,
1478 2036 1513 2070 in
1530 2036 1665 2070 Murth·

269 2100 383 2136 letenfi
417 2100 552 2135 ecelefia
580 2101 623 2135 ad
660 2099 923 2146 septentrionem
956 2112 977 2134 a
1008 2099 1136 2134 teneris
1171 2099 1268 2133 annis
1301 2098 1336 2132 in
1369 2097 1466 2132 bonis
1495 2097 1603 2131 literis
1628 2102 1663 2131 et

267 2164 418 2198 moribus
446 2164 626 2203 institutus,
656 2163 692 2197 in
723 2162 848 2198 Huenfi
878 2163 985 2198 insula
1012 2163 1124 2198 faetus
1151 2162 1197 2197 est
1226 2161 1420 2196 monachus.
1475 2160 1594 2195 Postea
1626 2160 1662 2194 in

268 2227 468 2261 Hiberniam
496 2227 739 2267 transfretavit,
771 2227 885 2272 ibique
915 2227 1080 2272 plurimos
1109 2226 1143 2260 in
1169 2225 1358 2260 Christiana
1386 2223 1551 2270 religione
1580 2223 1662 2257 titu-

268 2292 386 2325 bantes
411 2296 445 2325 et
475 2290 671 2326 vacillantes
696 2291 731 2325 in
752 2303 832 2325 vera
855 2290 976 2326 Christi
1009 2290 1075 2325 fide
1101 2289 1332 2325 confirmavit:
1359 2288 1472 2334 postea
1497 2288 1532 2322 in
1557 2287 1662 2333 patri-
