1913 2692
241 221 282 258 76
633 218 695 248 DE
730 215 1063 247 SCRIPTORIBUS
1099 214 1261 244 SCOTIS.

244 318 298 346 ter
330 309 514 345 monachos
548 308 722 344 Candidae
755 307 859 343 Casae
895 312 931 342 et
967 305 1224 352 Dryburgenses
1261 304 1389 339 didicit.
1463 303 1541 337 Post
1568 303 1664 349 jatsta

246 375 376 422 optima
404 373 591 409 studiorum
619 372 843 406 fundamenta
873 370 910 404 in
941 369 1055 406 schola
1087 369 1208 416 patria,
1238 368 1486 403 monachorum
1514 367 1665 402 claustris

247 438 386 477 relictis,
412 438 457 473 ad
483 436 655 471 Oxonium
681 435 714 470 se
745 434 891 470 contulit
919 434 956 468 in
985 434 1120 481 Anglia,
1150 433 1210 467 ubi
1234 432 1346 478 prima
1371 431 1604 478 philosophiae
1631 436 1665 466 et

248 502 438 538 matheseos
468 501 640 536 elementa
668 499 780 534 obiter
808 502 944 533 tantum
976 497 1151 544 gustavit;
1182 508 1264 531 mox
1297 495 1518 531 Germaniam
1553 494 1668 529 versus

249 569 315 601 iter
350 565 502 604 instituit,
533 575 597 598 nec
625 563 684 597 diu
710 562 758 597 ibi
788 562 959 602 substitit;
989 560 1194 596 celebriores
1222 564 1360 594 tantum
1387 559 1579 594 academias
1607 571 1668 604 per

250 632 339 665 vices
374 628 616 676 frequentavit,
651 639 715 662 nec
752 638 773 661 a
809 626 985 661 laboribus
1016 624 1089 659 ludi
1121 623 1265 658 literarii
1301 628 1337 657 et
1370 623 1543 658 exercitiis
1574 622 1668 657 scho-

251 693 372 728 lasticis
395 693 529 727 interea
548 690 694 726 cefl'avit.
744 689 877 724 Deinde
899 687 1118 723 Parifiensem
1140 685 1362 722 Academiam
1383 686 1499 727 adivit,
1520 691 1555 721 et
1578 687 1668 732 quod

251 758 422 803 reliquum
452 761 526 791 erat
555 754 646 789 vitae
673 754 709 789 in
740 753 856 789 studiis
882 751 1114 798 philosophiae
1145 755 1181 785 et
1209 749 1537 785 mathematicarum
1565 749 1671 784 scien-

252 822 378 857 tiarum
404 820 537 855 ibidem
566 818 736 853 contrivit.
798 816 972 851 Liberales
998 820 1089 850 artes
1118 819 1153 849 et
1179 825 1281 849 omne
1306 812 1538 860 philosophiae
1564 824 1672 859 genus

253 890 411 921 accurate
444 883 581 918 tenuit:
617 880 783 917 mathefin
808 880 964 926 inprimis
991 884 1064 914 tam
1095 878 1256 924 expedito
1289 877 1493 924 cognitionis
1521 875 1668 912 succeffu

254 950 368 989 coluit,
402 953 442 982 ut
476 946 673 993 exemplum
714 956 802 991 pene
835 943 1038 978 inimitabile
1079 942 1220 988 posteris
1254 941 1288 976 se
1321 941 1545 982 exhibuerit;
1586 941 1673 987 post-

255 1012 369 1057 pofitis
403 1010 494 1045 enim
528 1009 686 1044 omnibus
719 1007 794 1042 aliis
826 1006 982 1046 scientiis,
1016 1005 1190 1040 noxiffime
1223 1004 1485 1040 mathematicas
1517 1003 1674 1039 scientias

257 1076 355 1109 unice
389 1073 504 1109 coluit.
563 1072 653 1106 Hinc
683 1070 873 1106 Parifienfis
907 1068 1117 1104 Univerfitas
1145 1081 1225 1104 eum
1257 1067 1445 1115 insignibus
1475 1067 1674 1113 magisteriis

258 1151 325 1174 non
361 1137 534 1172 immerito
567 1135 711 1170 ornavit.
770 1140 788 1154 ‘⁵
807 1134 1023 1169 Contendere
1061 1133 1200 1179 quidem
1234 1132 1335 1166 multi
1364 1136 1399 1166 et
1428 1132 1590 1171 st1·enue,”
1625 1131 1676 1165 in-

259 1203 333 1248 quit
366 1200 544 1240 Lelandus,
580 1198 749 1245 “scopum
778 1198 821 1232 ab
852 1209 892 1232 eo
926 1195 1138 1243 propofitum
1171 1195 1378 1241 contingere,
1407 1200 1443 1230 at
1471 1195 1585 1229 nullus
1618 1195 1676 1229 ad-

258 1268 325 1301 huc
362 1266 522 1300 inventus
559 1263 614 1303 est,
655 1262 713 1308 qui
747 1261 883 1296 laudem
924 1272 1003 1295 cum
1043 1271 1084 1294 eo
1121 1271 1240 1305 parem
1272 1259 1369 1293 reae
1402 1257 1462 1293 fibi
1499 1257 1676 1292 vindicet.”

260 1331 375 1370 Quare
409 1339 471 1362 nec
503 1326 628 1372 injuria
657 1324 812 1371 inprimis
846 1324 917 1370 ejus
951 1323 1105 1369 Sphaera
1136 1323 1181 1356 ab
1211 1321 1370 1356 omnibus
1403 1321 1587 1356 academiis
1619 1333 1678 1367 ap-

261 1394 436 1439 probatur,
466 1389 631 1436 recipitur
660 1389 703 1424 ab
734 1388 825 1422 illius
854 1387 1013 1422 scientiae
1046 1384 1295 1432 professoribus,
1327 1385 1513 1431 quaeritur,
1544 1384 1677 1424 teritur,

262 1455 480 1502 praelegitur,
514 1453 584 1487 imo
618 1457 653 1486 et
686 1451 842 1497 plurimis
876 1451 1057 1485 doctorum
1091 1448 1346 1484 commentariis
1381 1449 1576 1484 illustratur.
1638 1449 1679 1482 In

264 1521 335 1565 ejus
362 1518 551 1564 Sphaeram
578 1514 705 1561 scripsit
734 1515 791 1549 Fr.
820 1515 1002 1560 Capuanus
1031 1518 1066 1548 et
1098 1513 1260 1548 Erasmus
1289 1512 1473 1552 Oswaldus‚
1499 1512 1584 1546 item
1608 1523 1679 1547 ma-

264 1581 442 1617 thematici
461 1579 562 1614 multi
592 1577 792 1613 Parifienses
819 1589 910 1612 anno
936 1577 1075 1611 Domini
1101 1578 1214 1617 1516;
1246 1576 1330 1611 item
1356 1576 1514 1622 magister
1538 1576 1680 1610 Maurus

267 1648 294 1681 F
296 1645 486 1681 lorentinus
531 1643 659 1682 Italice‚
701 1642 796 1676 Elias
836 1642 997 1681 Venetus,
1041 1641 1205 1675 Albertus
1248 1640 1376 1681 Heron,
1419 1639 1680 1685 Christophorus

268 1710 413 1749 Clavius,
452 1707 586 1742 Pierius
621 1705 833 1744 Valerianus,
868 1705 993 1739 Petrus
1024 1704 1165 1739 Nonius.
1226 1705 1336 1739 Porro
1368 1703 1571 1738 sufficientes
1604 1703 1681 1738 doc-

269 1775 378 1808 trinae
397 1772 469 1818 ejus
485 1771 614 1805 indices
632 1770 798 1804 habemus
815 1781 885 1804 non
901 1780 1026 1814 paucas
1043 1768 1194 1803 eruditas
1210 1767 1467 1803 lucubrationes
1481 1780 1488 1801 :

414 1836 466 1870 De
485 1835 638 1880 Sphaera
654 1833 786 1873 Mundi,
803 1833 860 1868 lib.
879 1843 902 1867 1.

414 1899 467 1933 De
485 1897 684 1937 Astrolabio,
703 1897 759 1931 lib.
779 1907 801 1930 1.

417 1962 470 1996 De
487 1961 580 1996 Anni
597 1960 765 2000 Ratione3
782 1959 857 1998 five,
876 1959 1084 2004 Computum
1102 1957 1377 1997 Ecclesiasticum,
1393 1956 1450 1991 lib.
1469 1967 1491 1991 1.

419 2026 471 2061 De
488 2023 690 2071 Algofismo,
708 2023 766 2058 lib,
784 2033 807 2057 Ι.

420 2088 635 2124 Breviarium
651 2087 755 2127 Juris,
774 2087 832 2121 lib.
850 2097 872 2120 1.

422 2154 474 2188 De
492 2153 666 2199 Computo
682 2150 921 2188 Ecclefiastieo.

280 2221 395 2264 Atque
420 2217 487 2253 alia
512 2218 620 2263 plura.
684 2216 755 2251 Sub
783 2214 980 2250 Alexandro
1007 2212 1166 2249 Secundo
1192 2212 1286 2251 vixit,
1314 2221 1403 2246 anno
1432 2208 1554 2245 Christi
1583 2210 1684 2244 1240.
