1913 2692
293 231 333 260 58
680 230 742 259 DE
776 228 1110 259 SCRIPTORIBUS
1145 228 1306 259 SCOTIS.

293 320 459 355 abstrusae
485 320 663 355 doetrinae
687 333 768 366 opes
794 320 932 355 venusto
957 319 1025 353 oris
1053 319 1146 365 gestu
1175 319 1352 365 proferret,
1380 324 1413 354 et
1440 319 1695 365 interpretando

293 385 423 419 intaeta
452 385 495 418 ab
524 384 599 418 aliis
627 384 725 418 avide
755 384 953 418 seetaretur.
1004 383 1172 428 Cupiebat
1200 384 1290 417 enim
1320 383 1470 418 obscuris
1498 384 1696 418 au&oribus

293 449 403 483 lucem
437 448 527 487 dare,
562 452 596 481 et
630 447 788 482 rancidae
822 446 996 481 vetustatis
1029 446 1201 483 vocabula,
1230 447 1302 492 jam
1332 447 1432 492 plane
1465 446 1644 492 repudiata
1676 459 1696 481 a

293 512 379 545 sanis
414 511 640 556 scriptoribus,
678 510 712 544 in
750 510 847 544 usum
883 511 1034 544 Graecae
1073 508 1316 553 Romanaeque
1352 507 1488 553 linguae
1525 519 1694 541 revocare.

294 576 347 608 Ad
377 575 470 614 haec,
500 574 628 619 pietate
657 573 890 619 religioneque
919 573 1014 618 prius
1042 577 1102 606 aut
1131 571 1304 616 antiquius
1333 571 1417 605 nihil
1447 570 1576 605 habuit.
1644 571 1695 605 De

294 637 456 672 Paschate
482 642 606 677 tamen,
632 636 780 675 tonsura,
812 636 991 673 coelibatu,
1017 634 1156 679 aliisque
1187 634 1363 669 Romanae
1389 633 1544 668 ecclefiae
1573 634 1695 668 ritibus

293 713 369 734 cum
412 701 543 734 Finano
584 700 710 734 acriter
750 698 966 737 eonfiitffaffe,
1002 704 1035 732 et
1070 697 1252 742 sophisticis
1293 697 1443 731 elenchis
1475 697 1517 731 de
1550 697 1695 732 x⁷i6toria

292 762 512 810 triumphasse
542 763 676 802 fertur;
711 763 967 797 monachalibus
1001 760 1191 806 imposturis
1224 766 1258 794 et
1292 760 1451 806 papistica
1483 761 1559 795 labe
1593 761 1695 795 sordi-

293 829 363 867 dus,
398 827 482 862 alias
515 827 696 862 doetorum
731 827 882 860 virorum
912 824 1095 859 illustrium
1129 824 1284 869 catalogo
1313 824 1436 858 merito
1470 824 1692 859 ascribendus.

293 891 490 937 Composuit
507 890 598 925 enim
616 889 815 936 praesertim
833 894 953 923 contra
970 888 1154 922 Britannos
1171 893 1206 922 et
1224 888 1352 925 Scotos,

436 955 489 988 De
506 953 654 988 Paschae
672 953 924 991 Observatfflne,
943 952 1000 986 lib.
1020 961 1042 984 Ι.

436 1017 504 1051 Pro
522 1016 672 1050 Tonsura
688 1028 727 1050 ac
745 1016 934 1054 Coelibatu,
953 1015 1009 1049 lib.
1030 1025 1052 1048 1.

436 1079 586 1126 Regulas
603 1079 741 1113 Artium
759 1078 976 1117 diversarum,
996 1078 1052 1111 lib.
1073 1087 1095 1110 1.

436 1143 488 1176 De
506 1141 698 1188 Disciplinis
716 1141 938 1180 naturalibus,
956 1141 1013 1175 lib.
1033 1151 1055 1174 Ι.

436 1207 590 1252 Hymnos
606 1218 646 1240 ao
664 1205 834 1251 Dialogos,
852 1205 909 1239 lib.
928 1215 950 1238 Ι.

435 1269 599 1315 Epistolas
617 1269 788 1315 quasdam,
808 1269 865 1302 lib.
884 1279 907 1301 1.

291 1332 336 1366 Et
361 1331 428 1366 alia
453 1332 630 1377 quaedam.
681 1331 813 1366 Claruit
844 1331 903 1365 sub
929 1330 1092 1365 Mor-daeo
1127 1342 1216 1376 rege,
1241 1341 1330 1364 anno
1357 1330 1609 1364 restaurationis
1632 1330 1694 1364 hu-

291 1407 411 1430 manae
452 1407 514 1441 per
554 1395 769 1429 incarnatum
802 1393 954 1428 Messiam
990 1395 1084 1430 717:
1127 1394 1162 1428 in
1202 1394 1259 1428 suo
1302 1394 1504 1428 monasterio
1545 1393 1695 1440 sepultus

292 1458 430 1502 quievit,
447 1464 487 1492 ut
504 1458 668 1498 Lessaeus,
687 1458 821 1497 Bidens,
840 1457 1066 1503 Dempsterus‚
1086 1457 1264 1497 Gesnerus,
1282 1462 1318 1492 et
1334 1457 1392 1492 alii
1408 1457 1583 1492 testantur.

820 1599 882 1634 DE
907 1599 1169 1633 BONIFACIO.

293 1712 526 1751 ΒΟΝΙῈΑΟΙΠΞ,
561 1712 813 1746 Germanorum
846 1711 1035 1757 Apostolus,
1069 1709 1199 1755 primus
1237 1709 1519 1755 Archiepiscopus
1551 1710 1695 1757 Mogun-

292 1775 392 1813 tinus,
418 1775 555 1809 natione
580 1775 710 1814 Scotus‚
734 1775 920 1809 monachus
945 1773 1072 1809 ordinis
1098 1773 1130 1807 S.
1157 1773 1347 1813 Benediffl
1373 1779 1412 1808 ut
1436 1774 1541 1809 refert
1563 1774 1696 1810 Trithe-

292 1838 388 1878 mins,
417 1850 494 1872 cum
522 1837 603 1872 effet
628 1850 714 1884 puer
743 1838 893 1884 quinque
919 1849 1096 1876 annorum,
1126 1849 1147 1871 a
1172 1837 1371 1883 parentibus
1401 1836 1466 1871 suis
1494 1838 1695 1872 monasterio

294 1901 328 1934 in
359 1902 492 1947 Aug-lia,
522 1902 613 1947 quod
642 1901 802 1936 Mischele
832 1901 966 1941 dieitur,
992 1901 1126 1935 oblatus
1155 1900 1210 1940 est,
1237 1900 1273 1934 'm
1302 1912 1371 1946 quo
1397 1900 1505 1935 literis
1529 1913 1568 1935 ac
1592 1901 1695 1935 mori-

292 1965 355 1998 bus
395 1965 538 1999 studium
577 1965 786 2011 impendens,
821 1965 873 1998 vir
906 1970 941 1999 et
974 1965 1096 1999 doetus
1131 1969 1165 1998 et
1198 1962 1422 1998 san&iffimus
1454 1963 1564 1998 evafit.
1632 1964 1694 1998 Or-

293 2028 429 2063 dinatus
462 2034 577 2063 autem
615 2028 798 2075 presbyter,
832 2040 947 2063 amore
986 2027 1225 2075 peregrinandi
1257 2039 1319 2073 pro
1353 2027 1493 2067 Christo,
1527 2026 1621 2062 venit
1659 2027 1695 2061 in

291 2092 521 2131 Germaniam,
552 2092 667 2138 ibique
699 2092 897 2138 praedicans
930 2092 1073 2126 verbum
1107 2091 1181 2132 Dei,
1210 2103 1231 2126 a
1258 2090 1424 2137 Gregorio
1457 2102 1546 2137 papa
1577 2091 1695 2125 Primo

292 2154 465 2200 episcopus
494 2155 763 2202 Moguntinenfis
792 2155 969 2190 ordinatus
998 2154 1053 2194 est,
1080 2159 1114 2189 et
1142 2155 1186 2189 ab
1216 2154 1287 2200 ejus
1316 2152 1498 2188 suceeffore
1527 2153 1694 2200 Gregorio

292 2217 415 2257 Tertio,
453 2218 488 2252 in
527 2218 816 2264 archiepiscopum
849 2223 884 2252 et
916 2218 1098 2264 primatem
1132 2217 1336 2252 Germaniae
1372 2216 1596 2252 sublimatus:
1635 2217 1693 2263 qui

291 2292 368 2314 cum
398 2280 480 2316 effet
506 2282 558 2316 vir
584 2282 747 2322 eruditus,
776 2293 846 2317 non
871 2287 1007 2317 tantum
1033 2282 1147 2321 verbo,
1174 2280 1231 2315 sed
1262 2285 1297 2316 et
1325 2279 1459 2326 scripto,
1487 2279 1693 2316 commissam
