1913 2692
590 229 652 261 DE
692 228 1025 260 SCRIPTORIBUS
1063 230 1224 261 SCOTIS.
1585 236 1624 273 47

207 321 305 356 annis
330 321 466 356 deditus
491 319 689 366 dicatusque
715 319 817 355 sacris
840 320 916 360 fuit,
942 332 1006 355 neo
1029 320 1213 366 quicquam
1238 321 1332 367 prins
1357 322 1487 363 habuit,
1516 336 1617 370 quain

205 385 279 420 Deo
312 390 347 421 et
375 386 477 420 rebus
506 384 629 418 divinis
659 383 830 419 inservire.
892 385 1007 425 Quare
1037 396 1115 418 cuin
1146 389 1217 418 tam
1248 385 1384 431 publico
1411 398 1515 431 quam
1550 388 1617 432 pri-

204 449 309 484 vatim
335 450 379 484 ab
409 448 567 483 omnibus
594 448 768 494 praeclare
798 452 999 488 mereretur,
1025 460 1133 493 genus
1160 448 1394 496 finniliam'que
1421 450 1524 486 suam.
1561 464 1620 496 per

202 513 236 548 se
270 512 408 559 quidem
442 511 648 547 laudabilem
683 517 717 546 et
751 512 934 553 honestam,
969 511 1037 558 ipso
1072 513 1176 547 ctiam
1210 513 1427 549 illustriorem
1461 514 1618 549 reddidit.

205 576 307 621 Apud
349 575 466 610 Vallos
507 575 748 610 monasterium
790 576 955 616 fundavit,
997 576 1169 611 ecch—{iam
1212 578 1352 617 addidit,
1395 591 1463 613 non
1506 591 1617 613 raram

202 637 448 673 monachorum
490 638 628 672 tin-bam
666 637 867 675 introduxit.
905 640 1135 687 episcopatum
1170 642 1289 682 erexit,
1325 647 1360 677 et
1398 642 1433 677 in
1469 642 1619 678 Scotiam

203 701 365 742 reversus,
400 701 575 748 Asaphum
609 701 810 748 discipulum
840 703 938 738 suum
971 704 1121 750 primum
1156 705 1225 740 illic
1265 706 1459 753 episcopum
1502 707 1620 741 consti-

203 766 279 800 tuit.
351 765 501 801 Ruinam
543 771 647 812 atque
689 767 774 801 adeo
812 779 934 813 graves
973 769 1186 804 calamitates
1224 770 1399 805 Britannis
1440 771 1618 805 imminere

203 829 383 875 praedixit,
413 834 452 864 ut
478 829 580 864 fufius
609 830 700 876 apud
730 830 959 876 Capgravium
987 838 1022 867 et
1052 833 1242 868 Lelanduni
1271 835 1385 880 legere
1414 835 1469 870 est.
1531 836 1618 870 Cum

203 894 371 929 Columba
410 894 522 933 Scoto,
562 893 635 928 viro
668 892 882 935 sanctiffimo,
919 897 1176 937 concomitatus,
1216 898 1429 939 Caledonios,
1464 900 1617 937 Athalos.

204 958 372 998 Hooestos,
399 969 438 993 ac
464 957 652 993 vicinarum
678 958 846 994 Albaniae
869 960 1049 1006 regionum
1073 961 1209 1002 incolas,
1233 963 1414 1003 monendo,
1438 964 1616 1002 hortando,

203 1021 366 1061 docendo,
391 1021 436 1056 ad
463 1033 564 1057 verae
593 1021 731 1067 pietatis
761 1021 1013 1060 observationes
1036 1025 1185 1060 fideliter
1214 1026 1396 1073 instigavit.
1447 1028 1617 1070 Quosdam

203 1086 308 1121 etiam
338 1098 382 1120 ex
410 1085 477 1120 suis
506 1085 677 1132 discipulis
704 1086 747 1120 ad
777 1086 927 1122 Orcades
954 1089 1093 1131 Insulas,
1124 1091 1341 1137 Norvegiani,
1368 1097 1402 1127 et
1438 1092 1617 1128 Issandiam

202 1149 299 1189 mifit‚
335 1150 370 1185 in
403 1149 613 1185 Christianae
650 1150 825 1197 religionis
858 1152 1076 1199 dogmatibus
1111 1160 1150 1190 ut
1183 1168 1241 1191 eos
1276 1157 1438 1191 erudiret.
1498 1157 1617 1200 Neque

203 1218 339 1249 tantum
356 1214 588 1260 praedicabat,
607 1214 663 1249 sed
680 1216 843 1250 exarabat
862 1229 1008 1264 qnoque,

348 1278 390 1314 In
407 1278 549 1313 Obitum
568 1279 710 1314 Davidis
727 1279 894 1326 Episcopi,
914 1283 1008 1318 Orat.
1027 1293 1050 1318 Ι.

350 1342 403 1377 De
420 1342 518 1377 Fidei
537 1342 791 1381 Observatione,
811 1345 905 1379 Orat.
924 1356 946 1380 Ι.

349 1407 402 1442 De
419 1406 597 1442 Charitate
614 1413 745 1448 mutua,
764 1409 858 1443 Orat.
877 1420 900 1444 Ι.

350 1471 402 1505 Dc
420 1470 614 1505 Christiana
632 1472 730 1511 Pace,
749 1472 843 1506 Orat.
863 1483 885 1506 1.

349 1534 512 1569 Manuale
529 1534 668 1570 suorum
686 1535 963 1571 Ministeriorimi.

350 1598 403 1632 De
421 1598 625 1633 Obedientia
643 1599 811 1637 Hominis,
830 1601 925 1635 Orat.
944 1611 967 1635 Ι.

349 1662 401 1696 De
419 1661 662 1708 Hospitalitate
681 1663 819 1703 tuenda,
838 1664 932 1698 Orat.
951 1675 975 1699 1.

350 1726 402 1760 De
421 1726 676 1772 Scripturarum
694 1727 869 1767 Lectione2
887 1732 951 1763 etc.

205 1790 338 1825 Claruit
361 1801 451 1824 anno
474 1789 590 1825 salutis
615 1791 786 1827 humanae
817 1793 896 1832 560,
926 1791 1094 1837 Glasguae
1126 1792 1278 1839 sepultus
1302 1794 1420 1830 Idibus
1448 1794 1613 1833 Januarii.

205 1853 264 1887 snb
283 1853 446 1888 Convallo
463 1865 553 1900 rege.

714 1998 777 2032 DE
802 1998 1102 2035 COLUMBANO.

204 2110 456 2144 COLUMBANUS
484 2109 610 2149 Abbas‚
637 2120 680 2143 ex
709 2109 817 2144 veteri
848 2110 1030 2146 Scotorum
1059 2111 1215 2158 prosapia
1242 2113 1389 2159 quadam
1417 2126 1485 2150 non
1519 2116 1613 2162 igno-

153 2168 158 2172 ’
205 2174 263 2209 bili
296 2173 470 2214 oriundus,
508 2173 659 2219 pera&is
688 2173 851 2209 infantiae
881 2175 988 2215 annis,
1018 2175 1211 2210 liberalium
1239 2176 1416 2213 literarum
1447 2179 1613 2214 doctrinis

205 2244 240 2273 et
264 2237 568 2285 grammaticorum
593 2237 709 2272 studiis
733 2237 870 2284 ingenio
899 2239 1015 2286 capaci
1044 2240 1126 2275 dare
1153 2240 1266 2288 coepit
1289 2242 1452 2278 laborem.
1495 2244 1613 2278 Primo

204 2302 401 2342 monachus,
420 2301 543 2337 deinde
568 2302 674 2337 abbas
699 2302 820 2343 factus
846 2302 1064 2340 Luxovienfis
1088 2304 1244 2340 coenobii
1274 2306 1405 2352 primus
1431 2306 1611 2344 fundator:
