1913 2692
319 234 358 264 26
709 231 771 260 DE
804 229 1136 261 SCRIPTORIBUS
1172 229 1331 259 SCOTIS.

320 330 358 359 ut
386 330 488 359 antea
514 323 670 362 diximus,
699 328 733 357 et
768 334 903 357 morum
931 321 1104 356 honestate
1134 326 1208 354 erat
1237 321 1328 367 apud
1358 331 1416 355 eos
1443 319 1648 359 clarissimus,
1679 326 1722 359 et,

315 390 417 434 juxta
450 387 590 434 apostoli
622 386 825 425 doctrinam,
853 386 895 420 de
922 386 1155 420 constituendo
1181 384 1336 431 episcopo
1362 385 1580 419 Timotheum
1607 390 1641 419 et
1671 385 1725 418 Ti-

321 459 395 486 tum
419 450 643 490 admonentis,
666 449 976 495 irreprehensibilis,
998 449 1063 483 Dei
1089 448 1305 495 dispensator.
1353 449 1469 495 Atque
1490 449 1539 483 ita
1561 447 1725 495 gloriosus

322 514 443 549 Christi
470 512 643 553 confessor,
665 513 870 547 Laurentius
894 513 1122 547 Dublinieniis
1147 512 1427 559 archiepiscopus,
1450 517 1485 547 et
1507 513 1640 560 legatus
1666 512 1727 546 Hi-

323 578 470 615 berniae,
498 577 620 623 plenus
649 576 792 615 dierum,
822 576 995 622 perfectus
1025 582 1060 610 et
1089 577 1341 612 consummatus
1367 577 1403 611 in
1432 577 1592 623 operibus
1618 577 1725 615 bonis,

324 641 444 676 Christi
479 640 649 679 cohaeres,
684 640 728 674 ad
762 639 932 674 Christum
967 639 1137 685 migravit,
1180 642 1223 674 18
1263 640 1401 674 Calend.
1442 640 1604 675 Decemb.
1638 651 1728 674 anno

327 708 426 745 1181,
445 709 610 751 regnante
627 704 662 738 in
682 703 796 738 Scotia
813 703 997 738 Wilhelmo
1014 715 1104 749 rege.
1653 687 1659 694 ⁸

771 846 834 881 DE
859 845 1037 881 SANCTO
1064 846 1176 881 VIRG
1182 846 1285 882 ILIO.

327 961 360 993 S.
390 961 592 995 Vincamus,
615 959 649 993 in
678 959 798 993 Infulis
826 958 1018 992 Hebridum
1045 958 1087 993 de
1113 959 1219 993 nobili
1242 958 1397 1006 prosapia
1418 964 1522 999 ortus,
1553 958 1729 993 literarum

327 1023 442 1057 studiis
468 1023 517 1058 ita
543 1023 695 1057 animum
725 1021 898 1068 applicuit,
935 1027 974 1056 ut
1002 1022 1093 1056 inter
1122 1023 1242 1058 doctos
1271 1023 1320 1057 sui
1349 1022 1513 1069 temporis
1542 1028 1645 1068 atque
1675 1023 1733 1056 cli-

327 1087 428 1121 matis
449 1086 658 1122 dodffiffimus
683 1086 803 1121 haberi
827 1084 997 1132 potuisset,
1024 1099 1159 1122 morum
1185 1088 1289 1122 etiam
1314 1087 1488 1122 honestate
1514 1087 1734 1122 nihilominus

327 1151 509 1185 clarescere
538 1151 684 1185 studuit:
715 1150 750 1184 in
780 1150 927 1184 Galliam
958 1150 1063 1196 igitur
1089 1152 1333 1192 transfretavit,
1357 1151 1416 1186 ubi
1445 1152 1488 1186 ab
1519 1150 1734 1186 illustriffiino

329 1216 539 1250 Francorum
574 1227 654 1261 rege
684 1214 815 1260 Pipin0‚
851 1214 909 1260 qui
943 1214 1052 1260 major
1084 1215 1205 1250 domus
1238 1216 1424 1256 dicebatur,
1459 1216 1550 1261 apud
1590 1215 1735 1250 Karifiaf

328 1291 404 1313 cum
441 1279 577 1313 honeste
611 1284 775 1325 exceptus
806 1278 880 1318 fuit,
916 1282 950 1312 et
984 1278 1065 1324 quia
1098 1279 1276 1314 literarum
1309 1279 1457 1319 scientia,
1492 1291 1569 1313 cum
1599 1290 1735 1313 morum

328 1343 510 1383 honestate,
552 1343 587 1377 in
630 1342 701 1389 ipso
741 1341 950 1381 exuberavit,
989 1354 1051 1376 rex
1096 1355 1174 1376 eum
1220 1342 1302 1377 ficut
1353 1343 1473 1377 tubam
1519 1342 1734 1389 evangelicae

329 1406 590 1451 praedicationis
635 1407 782 1441 libenter
815 1405 984 1440 audiendo
1019 1406 1151 1441 duobus
1184 1407 1254 1441 fere
1289 1407 1386 1441 annis
1418 1406 1509 1453 apud
1543 1406 1650 1452 ipsum
1684 1418 1736 1440 re—

329 1471 459 1511 tinuit;
493 1471 615 1506 deinde
646 1471 759 1517 postea
789 1471 832 1505 ad
863 1470 1092 1516 episcopatum
1127 1469 1412 1516 Salilburgensem
1442 1482 1463 1504 a
1498 1481 1578 1515 rege
1613 1469 1735 1515 Pipino

330 1535 375 1568 est
402 1536 562 1569 cvefiffls:
590 1535 670 1570 huic
698 1534 877 1581 episcopali
907 1533 1066 1580 dignitati
1093 1533 1241 1579 praefuit
1266 1532 1363 1566 annis
1388 1532 1539 1578 triginta.
1592 1532 1644 1566 Ex
1670 1532 1734 1566 hac

331 1599 400 1632 vita
429 1597 571 1633 discessit
601 1611 678 1633 cum
711 1610 836 1644 magno
866 1598 1002 1632 suorum
1035 1609 1200 1635 moerere,
1231 1608 1320 1630 anno
1355 1596 1476 1630 Christi
1509 1597 1586 1635 784,
1617 1598 1636 1629 5
1669 1596 1736 1630 cal-

331 1662 426 1695 endis
444 1662 619 1700 Novemb.,
638 1667 803 1708 regnante
822 1661 857 1695 in
875 1660 991 1696 Scotia
1009 1661 1139 1695 Achaio
1157 1673 1247 1707 rege.

734 1805 797 1839 DE
824 1803 1074 1839 INGERAMO
1100 1803 1327 1839 LINDESIO.

334 1917 552 1952 INGERAMUS
577 1918 784 1957 mezsms,
814 1929 856 1951 ex
884 1917 991 1951 veteri
1020 1922 1054 1950 et
1081 1916 1186 1950 nobili
1216 1915 1445 1950 Lindefioruni
1474 1916 1573 1961 stirpe
1600 1916 1737 1949 oriund-

332 1992 380 2018 us.
404 1994 425 2015 a
443 1981 626 2026 juventute
656 1982 690 2015 in
715 1981 853 2028 optimis
878 1980 1060 2026 disciplinis
1083 1992 1103 2014 a
1129 1980 1327 2026 parentibus
1353 1979 1523 2013 nobilibus
1553 1979 1734 2015 institutus.

333 2056 393 2078 nec
419 2049 600 2079 contentus
621 2045 713 2079 domi
735 2045 852 2079 literas
877 2049 911 2079 et
937 2046 1043 2079 bonas
1064 2048 1155 2078 artes
1178 2044 1334 2081 ediscere,
1358 2055 1476 2077 verum
1502 2055 1617 2077 amore
1644 2044 1736 2078 liter-

332 2119 429 2142 arum
466 2113 500 2142 et
540 2108 582 2142 ad
619 2109 765 2154 majores
802 2106 993 2154 progressus
1032 2107 1212 2147 faciendos,
1255 2108 1358 2142 etiam
1398 2107 1569 2142 variarum
1609 2108 1735 2142 artium

333 2170 525 2215 cognitione
568 2171 810 2211 informandus,
854 2170 889 2205 in
927 2170 1056 2206 Gallias
1096 2172 1139 2207 ad
1182 2172 1351 2206 celebrem
1395 2171 1487 2205 illam
1531 2170 1734 2205 Parisiorum

334 2234 554 2268 Academiam
581 2235 626 2269 est
651 2236 834 2281 profectus,
853 2239 956 2281 atque
982 2234 1074 2280 spem
1100 2235 1142 2268 de
1167 2246 1208 2268 eo
1233 2239 1313 2268 ante
1336 2232 1510 2268 disceffum
1534 2245 1601 2267 non
1629 2233 1734 2268 solum

334 2308 400 2329 non
431 2297 558 2335 fefellit,
590 2298 644 2332 sed
675 2299 777 2333 etiam
811 2303 890 2333 ante
920 2298 1068 2333 reditum
1099 2298 1133 2331 in
1163 2297 1308 2343 patriam
1345 2296 1538 2342 superavit3
1574 2296 1607 2330 in
1637 2297 1735 2342 ipsius
