1913 2692
630 155 691 185 DE
727 154 1058 186 SCRIPTORIBUS
1093 154 1256 184 SCOTIS.
1593 156 1653 184 103

380 246 442 281 Pia
475 251 509 281 et
543 244 699 291 religiosa
730 244 910 279 Meditatio
943 245 977 278 in
1006 244 1039 279 S.
1069 244 1143 278 lesu
1176 243 1297 278 Christi
1329 244 1483 279 Crucem,
1515 250 1549 278 ct
1577 245 1647 290 ejus

427 309 587 344 Vulnera.

233 373 391 420 Ejusdem
422 373 601 407 Meditatio
632 371 667 406 in
698 371 871 406 Psalmum
906 370 1224 418 quinquagesimum
1259 371 1417 417 primum,
1454 370 1650 405 “Miserere

233 438 309 477 mei,
336 437 429 472 Deus
448 439 475 477 ;''
503 442 538 471 et
561 436 595 470 in
625 435 799 470 Psalmum
830 435 1048 470 centesimum
1076 436 1270 475 secundum,
1302 442 1320 454 “
1340 436 1496 475 Domine,
1526 435 1648 469 exaudi

234 501 423 535 orationem
457 512 569 535 meam
582 503 608 540 ;⁷'
638 500 787 546 ejusdem
818 499 981 534 Divinum
1010 500 1168 534 Officium
1196 500 1238 534 de
1265 499 1497 534 sacrosanctis
1532 499 1573 533 D.
1608 499 1648 532 N.

236 563 310 599 Iesu
339 564 461 600 Christi
491 564 631 611 Plagis;
663 564 787 599 excusa
812 563 888 598 sunt
914 564 1049 598 Parisiis
1074 565 1164 610 apud
1195 564 1377 599 Claudium
1407 563 1648 598 Garmontium

235 640 323 663 anno
342 628 481 663 Domini
500 630 602 668 1545,
621 628 655 664 in
676 630 730 668 16,
748 640 815 674 quo
834 634 989 674 tempore
1007 628 1130 663 claruit
1148 628 1207 663 sub
1226 628 1338 662 Maria
1354 628 1481 674 regina.

647 772 709 806 DE
735 771 1026 806 ALEXANDRO
1053 771 1228 805 ALESIO.

232 886 465 918 ALEXANDER
491 884 658 923 Amsms,
688 895 813 930 genere
843 888 877 917 et
901 883 1040 917 natione
1069 883 1200 922 Scotus,
1228 883 1263 916 in
1291 883 1441 918 Saxonia
1474 882 1647 929 Lipsiensis

233 948 437 983 Academiae
482 946 654 994 profeffor‚
689 954 723 982 et
766 948 801 982 in
835 947 1009 993 theologia
1042 947 1199 986 decanus,
1238 948 1281 981 ab
1317 947 1531 982 incunabulis
1565 959 1647 981 cura

233 1017 414 1058 parentum
444 1011 479 1044 in
513 1010 636 1045 timore
667 1011 732 1045 Dei
762 1011 936 1051 educatus,
971 1010 1226 1057 quamprimum
1259 1023 1367 1045 annos
1399 1010 1646 1046 adolescentiae

232 1075 426 1121 attingeret,
461 1075 630 1109 bonarum
664 1075 842 1109 literarum
874 1074 1050 1121 omnisque
1078 1075 1217 1109 virtutis
1255 1075 1409 1110 strenuus
1444 1075 1564 1114 cultor,
1596 1075 1648 1109 vir

234 1141 322 1175 bono
358 1139 495 1186 ingenio
534 1144 569 1173 et
602 1138 819 1173 scientiarum
849 1138 958 1179 avido,
993 1139 1084 1173 unde
1113 1139 1297 1174 accedente
1327 1139 1371 1174 ad
1405 1139 1554 1174 indolem
1589 1151 1647 1174 na-

232 1204 378 1238 turalem
404 1203 521 1238 labore
546 1209 581 1238 et
612 1203 783 1243 industria,
814 1203 858 1238 ad
887 1203 1054 1238 summam
1083 1203 1312 1238 eruditionem
1341 1203 1507 1250 pervenit.
1559 1204 1646 1238 Cum

230 1273 355 1307 autem,
390 1267 564 1302 transacto
591 1267 778 1302 studiorum
812 1266 950 1302 suorum
979 1267 1160 1307 curriculo,
1194 1267 1243 1302 sui
1271 1267 1361 1314 juris
1394 1266 1484 1308 effet,
1521 1273 1559 1302 ut
1592 1269 1646 1302 cui

232 1332 333 1367 vellet
354 1331 514 1366 scientiae
539 1331 572 1365 se
596 1331 768 1378 applicare
795 1330 912 1378 poffet,
943 1330 1146 1376 theologicis
1174 1330 1291 1365 studiis
1319 1331 1468 1366 naturali
1499 1331 1646 1376 quadam

232 1395 452 1443 propensione
487 1395 632 1435 deditus,
671 1395 842 1430 sacrarum
881 1395 1060 1430 literarum
1094 1394 1235 1430 lectioni
1275 1394 1443 1441 imprimis
1482 1394 1646 1429 incubuit.

234 1461 365 1495 Literas
397 1459 618 1494 humaniores
646 1465 681 1494 et
715 1471 833 1494 omnes
860 1459 1019 1494 liberales
1050 1463 1142 1493 artes
1168 1463 1345 1505 utcunque
1374 1458 1496 1498 tenuit,
1525 1458 1648 1493 melius

232 1523 481 1570 philosophicas
514 1522 679 1564 scientias,
715 1523 926 1570 theologicas
958 1528 1075 1558 autem
1109 1527 1145 1557 et
1179 1521 1425 1558 accuratiffime
1461 1523 1579 1558 didicit
1613 1529 1647 1557 et

232 1587 402 1624 utilissime
448 1587 574 1622 docuit.
650 1587 727 1622 Non
769 1588 861 1622 enim
904 1587 1012 1622 solum
1058 1586 1093 1621 in
1131 1587 1306 1634 theologia
1346 1586 1549 1627 scholastica,
1591 1587 1647 1622 sed

232 1652 336 1687 etiam
372 1651 407 1685 in
440 1651 591 1697 antiquis
624 1651 789 1697 patribus,
823 1652 859 1686 in
892 1651 1012 1698 primis
1046 1648 1206 1685 eeclefiae
1240 1650 1448 1690 doctoribus,
1479 1651 1514 1686 in
1548 1663 1648 1687 oecu-

232 1715 373 1751 menicis
400 1714 560 1755 conciliis,
586 1720 621 1749 et
647 1715 683 1749 in
706 1714 807 1750 sacris
831 1715 978 1761 denique
1005 1714 1201 1760 Scripturis,
1222 1714 1320 1748 valde
1338 1714 1404 1750 fuit
1427 1715 1646 1751 exercitatus.

232 1779 358 1814 Merito
392 1790 473 1824 ergo
509 1778 544 1812 in
579 1778 680 1824 hujus
714 1778 778 1813 viri
811 1779 929 1814 laudes
958 1778 1112 1825 insurgit,
1139 1783 1179 1813 ut
1207 1779 1293 1814 alios
1325 1784 1468 1820 taceam,
1500 1780 1645 1816 Baleus:

233 1843 287 1878 cui
318 1842 422 1877 etiam
456 1843 646 1877 tractatum
680 1841 777 1877 suum
810 1842 852 1877 de
886 1842 1118 1889 Scriptoribus
1148 1843 1259 1878 Scotis
1289 1844 1434 1879 dedicat.
1503 1845 1564 1880 Vir
1597 1847 1647 1881 in-

231 1907 333 1954 genio
366 1905 507 1946 subtilis,
542 1905 677 1952 eloquio
711 1906 933 1947 scholasticus,
961 1907 1020 1953 qui
1056 1908 1147 1954 quod
1181 1908 1270 1943 male
1308 1908 1339 1943 ei
1373 1921 1451 1943 cum
1485 1910 1647 1957 episcopis

232 1969 440 2009 conveniret,
464 1968 667 2004 remotiores
696 1969 887 2015 provincias
914 1970 1008 2005 adire
1043 1971 1268 2006 decreverat:
1307 1972 1427 2007 “ferre
1455 1973 1647 2015 nimirums

233 2033 345 2080 inquit
368 2032 503 2072 Baleus‚
530 2038 629 2067 “non
656 2038 792 2078 poterat
821 2033 954 2068 animus
979 2034 1165 2069 admodum
1189 2035 1409 2075 Christianus,
1434 2037 1645 2073 manifestata

237 2096 403 2144 evangelii
436 2096 521 2136 luce,
556 2096 645 2130 viam
679 2096 722 2130 ad
750 2096 815 2131 Dei
849 2108 993 2143 regnum
1028 2098 1289 2134 Pharisaeorum
1320 2106 1355 2135 et
1388 2100 1645 2147 hypocritarum

238 2161 440 2196 stercoribus
460 2160 596 2201 obstrui,
619 2166 680 2195 aut
703 2161 878 2207 populum,
900 2161 1111 2197 immaculati
1130 2163 1211 2210 agni
1235 2163 1397 2210 sanguine
1420 2165 1647 2212 redemptum,

237 2225 297 2260 sub
327 2223 499 2259 evacuatis
528 2225 728 2260 umbrarum
756 2225 918 2272 legalium
945 2226 1072 2272 figuris,
1102 2226 1145 2262 ad
1173 2227 1365 2263 animarum
1393 2239 1511 2264 eorum
1538 2231 1651 2276 perni-
