1913 2692
625 239 685 268 DE
725 239 1058 270 sempromssus
1097 240 1261 270 sco'r1s.
1608 246 1648 277 99

227 329 391 368 Scoticae‚
419 329 462 363 ab
494 328 643 363 Hectore
675 328 831 369 Boethio,
858 328 931 364 viro
963 329 1184 370 disertissimo,
1211 331 1247 365 in
1278 330 1506 377 septendecim
1542 334 1645 369 libros

227 393 360 439 copiose
394 391 564 438 digestam,
599 392 653 426 cui
686 398 824 427 centum
854 405 1022 428 annorum
1059 394 1253 429 auctarium
1285 394 1426 435 addidit,
1463 408 1483 431 a
1515 396 1646 432 Jacobo

229 456 385 491 Secundo
403 457 498 491 1436
516 455 621 502 usque
639 456 682 491 ad
699 468 828 491 annum
848 459 950 497 1536,
969 457 1004 492 in
1022 470 1090 504 quo
1108 458 1177 504 ipse
1195 458 1321 494 floruit.
1374 459 1512 507 Scripsit
1530 460 1635 507 igitur

371 519 673 566 Cosmographiam
691 520 805 555 dietae
826 521 1002 561 Historiae,
1021 522 1077 557 lib.
1098 533 1119 557 Ι.

371 583 539 619 Albaniae
557 583 838 631 Descriptionem,
856 585 913 620 lib.
933 596 955 620 1.

370 648 426 682 Ad
442 648 612 683 Jacobum
631 648 799 689 Quintum
811 649 943 696 Regem
961 649 1062 696 Epist.

372 712 483 758 Super
500 711 616 747 Litera
633 712 859 759 Pythagorae,
879 713 936 748 lib.
957 724 978 747 1.

370 775 421 809 De
439 775 577 810 Virtute
595 780 631 810 et
649 775 845 822 Voluptate,
863 776 920 811 lib.
940 787 962 811 Ι.

370 839 481 885 Super
498 839 646 885 quodam
665 838 815 879 Somnio,
831 840 888 875 lib.
907 851 927 874 1.

370 902 498 937 Diverfi
516 902 652 949 generis
668 902 839 943 Carmina,
858 903 914 938 lib.
934 914 956 937 1.

223 967 268 1001 Et
294 966 361 1001 alia
385 966 533 1012 plurima
559 964 696 1000 edidiffe
721 966 932 1012 perhibetur,
960 967 1132 1007 nimirum,
1159 967 1259 1014 super
1286 968 1318 1003 S.
1351 969 1529 1015 Scriptura
1560 971 1640 1006 Lec-

222 1031 340 1070 tiones,
383 1035 446 1065 etc.
510 1030 641 1064 Romae
683 1030 824 1065 tandem
866 1029 981 1065 obiifl'e
1024 1031 1134 1066 fertur
1175 1032 1312 1068 circiter
1345 1045 1473 1068 annum
1507 1034 1638 1081 gratiae

225 1095 326 1133 1536,
346 1098 511 1140 regnante
529 1093 620 1139 apud
639 1093 760 1128 scotos
776 1094 908 1129 Jacobo
926 1095 1065 1136 Quinto.

669 1237 731 1271 DE
756 1237 939 1272 DAVIDE
965 1238 1193 1275 LINDESIO.

223 1351 347 1384 DAvin
378 1349 585 1388 Lmnsssms,
617 1349 693 1383 Rex
723 1350 919 1391 Armorum,
947 1351 1000 1386 vel
1030 1351 1099 1386 Leo
1128 1351 1326 1392 Fecialium,
1357 1365 1484 1400 genere
1515 1360 1549 1389 et
1579 1368 1637 1389 na-

219 1415 312 1449 tione
346 1414 476 1453 Scotus,
503 1425 546 1448 ex
576 1413 683 1448 nobili
715 1413 946 1449 Lindeliorum
975 1415 1105 1450 familia
1131 1416 1166 1450 in
1197 1416 1273 1452 Fifa
1303 1417 1477 1460 oriundus,
1505 1432 1525 1454 a
1555 1431 1636 1465 pue-

219 1478 273 1513 rili
296 1482 410 1512 aetate
430 1489 470 1512 ac
495 1489 582 1523 pene
607 1477 651 1512 ab
678 1477 892 1513 incunabulis
915 1477 991 1525 ipsis
1016 1479 1169 1514 animum
1195 1492 1278 1527 erga
1303 1481 1420 1516 literas
1446 1483 1533 1518 mire
1559 1496 1636 1529 pro-

218 1541 358 1588 pensum
386 1541 517 1576 habuit.
569 1540 667 1576 Hanc
699 1541 734 1575 in
763 1555 871 1588 puero
899 1543 1058 1584 indolem,
1089 1556 1152 1579 ceu
1181 1544 1318 1580 futurae
1347 1547 1531 1592 probitatis
1564 1549 1634 1582 effi-

216 1606 317 1652 giem,
345 1610 505 1652 parentes
531 1605 604 1652 ejus
630 1604 679 1640 ita
711 1605 896 1641 exosculati
923 1606 1009 1647 sunt,
1041 1613 1079 1642 ut
1106 1608 1204 1643 illum
1231 1610 1374 1644 eruditis
1404 1613 1634 1658 praeceptori-

218 1671 280 1704 bus
310 1669 525 1704 educandum
554 1673 589 1702 et
622 1668 813 1703 docendum
841 1670 1106 1711 committerent,
1144 1677 1178 1706 et
1208 1673 1242 1707 in
1278 1673 1393 1708 studiis
1424 1675 1563 1721 pietatis
1596 1689 1634 1712 ac

217 1734 384 1768 bonarum
425 1732 604 1767 literarum
647 1731 775 1767 solicite
818 1733 943 1768 nutriri
976 1734 1128 1770 fecerint.
1203 1736 1270 1777 Qui
1304 1743 1486 1784 postquam
1526 1740 1633 1776 literis

217 1796 477 1832 humanioribus
507 1796 542 1830 in
571 1794 693 1830 scholis
721 1796 914 1832 trivialibus
947 1809 1087 1844 operam
1115 1798 1266 1840 dedifl'et,
1297 1801 1339 1835 ad
1372 1803 1500 1848 majora
1526 1803 1633 1840 studia

216 1866 395 1906 promotus
420 1859 733 1906 Andreapolitanae
759 1861 965 1897 Academiae
990 1862 1149 1898 alumnus
1179 1864 1292 1900 faetus
1320 1866 1376 1906 est,
1407 1867 1465 1901 ubi
1496 1874 1530 1902 et
1558 1869 1633 1914 phi-

216 1925 404 1971 losophicas
438 1924 631 1971 disciplinas
667 1923 848 1960 inchoavit.
912 1926 1079 1973 Denique,
1109 1928 1182 1973 post
1208 1928 1315 1965 studia
1350 1931 1517 1966 bonarum
1552 1934 1633 1967 arti-

215 2001 273 2023 um
310 1994 345 2023 et
379 1988 642 2035 disciplinarum,
685 1989 878 2024 heraldicae
919 1990 985 2024 arti
1023 1990 1056 2025 se
1093 1995 1206 2026 totum
1247 1993 1399 2034 tradidit,
1437 1995 1631 2042 famamque

214 2064 281 2088 non
323 2052 500 2087 minimam
542 2055 586 2088 ab
629 2055 748 2089 eadem
790 2053 931 2099 accepit.
995 2054 1165 2090 Heraldos
1206 2057 1249 2091 ab
1291 2057 1453 2093 heroibus
1493 2060 1629 2095 deducit

214 2117 348 2151 Aeneas
381 2117 526 2163 Sylvius,
561 2118 619 2163 qui
654 2118 807 2153 veterani
842 2117 968 2152 milites
1002 2124 1100 2154 erant
1142 2120 1317 2156 laboribus
1358 2123 1513 2166 absoluti,
1548 2138 1631 2172 quo-

214 2192 291 2215 rum
332 2181 481 2217 officium
527 2188 601 2217 erat
650 2182 857 2229 reipublicae
904 2181 1087 2222 consulere,
1131 2183 1243 2219 sontes
1289 2197 1443 2233 arguere,
1491 2189 1629 2224 laudare

214 2244 348 2289 probos
378 2245 549 2292 corripere
577 2246 694 2286 malos,
726 2245 837 2280 viduis
866 2258 906 2280 ac
934 2246 1072 2293 pupillis
1101 2247 1241 2290 favere3
1268 2255 1302 2284 et
1331 2263 1353 2285 a
1382 2243 1519 2287 Libero·
1532 2241 1629 2299 patre

214 2309 270 2342 seu
296 2308 441 2349 Baccho,
469 2309 539 2344 filio
568 2310 674 2349 Jovis‚
700 2309 867 2356 originem
896 2309 1048 2345 habuiffe
1080 2311 1249 2347 dicuntur.
1302 2314 1485 2352 Heraldica
1514 2330 1569 2353 ars
1595 2325 1627 2353 et
