1913 2692
658 200 719 229 DE
758 198 1089 230 SCRIPTORIBUS
1125 198 1288 228 SCOTIS.
1616 199 1676 228 125

271 292 339 327 oris
375 291 573 326 literam-ae
611 294 780 328 ornatum,
823 287 1079 334 philosophiam,
1117 287 1431 333 jurisprudentiam,
1476 293 1511 322 et
1557 289 1679 334 poesin,

272 354 348 400 plus
381 366 484 400 quam
517 353 703 399 vulgariter
736 351 867 390 coluit;
901 356 975 385 erat
1004 351 1096 385 enim
1130 356 1232 397 poeta
1269 363 1337 385 non
1371 351 1530 397 vulgaris,
1566 357 1682 387 orator

272 417 424 457 disertus,
452 415 710 462 jurisconsultus
738 419 908 460 expertus,
940 419 975 449 et
1003 414 1222 461 philosophus
1257 413 1473 450 acutissimus.
1525 414 1682 460 Denique

273 481 325 515 vir
350 485 423 515 erat
447 479 554 514 felicis
580 478 717 525 ingenii,
742 483 776 513 ct
801 478 837 513 in
862 478 1060 513 melioribus
1082 478 1275 524 quibusque
1302 477 1486 524 disciplinis
1510 476 1684 524 insigniter

272 544 435 583 eruditus,
477 542 627 577 carmine
666 542 835 577 excellens
868 547 903 576 et
936 541 1042 588 prosa,
1082 547 1116 576 et
1150 542 1209 588 qui
1246 541 1370 588 scripta
1406 541 1574 587 quaedam
1607 546 1682 575 tum

274 606 369 641 versu
403 612 478 641 tum
505 606 602 652 prosa
631 605 717 640 terso
748 605 922 651 nitideque
950 604 1168 651 composuiffe
1194 605 1404 651 perhibetur.
1466 605 1539 639 Hos
1568 610 1684 640 autem

274 670 399 705 laboris
428 669 477 703 sui
507 668 642 703 nuans
668 669 808 715 posteris
833 669 878 703 ad
906 668 1210 709 oblectamentum,
1241 674 1277 703 et
1305 669 1349 704 ad
1379 669 1598 704 commodum
1624 668 1683 703 fibi

274 733 317 767 ad
334 733 481 768 nominis
498 732 793 767 immortalitatem
812 733 950 779 reliquit
966 746 972 767 ε

419 795 587 842 Epistolas
603 795 828 842 responsorias
845 796 1002 842 Epistolis
1019 795 1203 836 Ovidianis,
1221 795 1371 831 carmine
1388 795 1493 831 etiam
1510 795 1657 831 heroico.

419 860 634 906 Hymnorum
653 859 788 894 librum.

419 923 679 969 Epigrammata
695 927 730 957 et
747 922 909 957 Carmina
926 922 1028 957 varia.

418 986 674 1021 Commentaria
690 986 726 1020 111
744 986 976 1021 Institutiones
991 986 1015 1021 J
1017 986 1095 1021 uris.

418 1050 646 1096 Epistolarum
663 1050 799 1084 libriun.

419 1114 599 1149 Orationes
616 1114 735 1154 varias,
754 1114 903 1149 Graecas
920 1119 955 1149 et
971 1113 1118 1149 Latinas.

417 1178 673 1213 Commentaria
689 1177 840 1212 Caesaris
856 1177 892 1212 111
909 1178 1078 1213 Graecam
1096 1178 1248 1224 linguam
1265 1179 1446 1213 transtulit.

419 1242 623 1288 Apologiam
656 1241 692 1276 111
725 1240 951 1276 defensionem
985 1242 1080 1276 Petri
1114 1242 1246 1282 Bembi,
1282 1242 1496 1289 aliorumque
1529 1247 1685 1277 veterum

467 1306 662 1345 Oratorum,
682 1311 802 1340 contra
817 1305 841 1339 J
843 1305 953 1340 ustum
970 1305 1126 1351 Lipfium.

276 1369 413 1417 Scripsit
440 1369 544 1404 etiam
568 1369 821 1415 Philosophum,
846 1369 1044 1409 Rhetorem,
1068 1375 1103 1404 et
1127 1370 1270 1405 Poetam
1292 1370 1495 1416 perfeetum,
1521 1383 1590 1405 11011
1617 1370 1687 1405 edi-

276 1441 360 1474 tum,
385 1434 476 1480 quod
499 1433 610 1468 sciam.
663 1433 795 1468 Claruit
818 1445 908 1468 anno
930 1433 1002 1479 post
1024 1433 1211 1468 adventum
1234 1432 1372 1468 Melliae
1395 1434 1431 1468 in
1453 1446 1555 1469 carne
1584 1436 1686 1473 1598,

277 1499 359 1533 dum
377 1497 503 1533 Scotici
519 1497 616 1544 regni
634 1497 804 1543 sceptrum
821 1502 954 1532 teneret
971 1497 1122 1532 Jacobus
1138 1497 1253 1532 sextus
1271 1497 1372 1543 hujus
1389 1498 1636 1544 appellationis.

665 1640 728 1675 DE
754 1640 974 1675 PATRICIO
1000 1640 1294 1677 ANDERSONO.

280 1754 481 1788 PATmcms
507 1754 764 1792 ANDERSONUS,
792 1751 925 1787 Jesuita
953 1750 1163 1798 profeffione,
1194 1757 1228 1787 et
1259 1752 1382 1787 Scotus
1410 1753 1559 1793 natione,
1588 1758 1690 1788 natus

281 1818 316 1851 in
350 1817 474 1863 Elgina
500 1816 543 1850 de
572 1815 723 1862 Mul-ray,
757 1816 801 1849 ab
834 1814 905 1861 ipsa
937 1815 1049 1849 statim
1082 1816 1231 1861 pueritia
1259 1815 1357 1850 bonis
1385 1815 1494 1851 literis
1527 1816 1690 1855 initiatus,

281 1882 317 1916 in
346 1881 416 1916 1010
445 1880 552 1915 natali
585 1880 703 1914 literas
733 1891 820 1926 quae
849 1879 893 1914 ab
922 1879 1137 1914 humanitate
1165 1891 1291 1914 nomen
1326 1886 1541 1926 acceperunt,
1575 1881 1691 1916 sedulo

280 1950 461 1992 parentum
491 1956 582 1983 cura,
612 1943 740 1978 didicit.
807 1943 927 1978 Postea
959 1943 1127 1977 maturior
1153 1943 1267 1978 fafitus
1297 1943 1331 1977 in
1364 1944 1549 1980 Academia
1583 1946 1691 1980 Aber-

282 2008 418 2044 donenfi
447 2014 519 2043 tam
546 2007 696 2042 sedulam
723 2006 817 2041 dedit
846 2006 1044 2041 melioribus
1073 2006 1182 2041 literis
1212 2012 1246 2041 et
1274 2007 1514 2054 philosophicis
1543 2020 1691 2055 operam,

281 2078 320 2107 ut
345 2072 516 2119 gradatim
543 2072 587 2106 ad
612 2071 769 2116 suprema
794 2069 1035 2109 conscenderit,
1063 2069 1153 2103 unde
1182 2082 1251 2104 non
1278 2070 1459 2111 immerito,
1485 2071 1557 2117 post
1582 2072 1694 2107 varios

283 2136 497 2182 quadriennii
526 2135 672 2174 sudores,
703 2134 830 2168 artium
856 2132 1047 2180 magisterio
1077 2132 1223 2167 donatus
1250 2133 1326 2167 fuit.
1377 2134 1418 2168 In
1444 2135 1695 2181 quaestionibus

286 2199 434 2233 maxime
461 2198 649 2237 subtilibus,
681 2202 715 2231 et
745 2195 1087 2231 demonstrationibus
1117 2196 1377 2237 mathematicis,
1412 2197 1503 2233 inter
1536 2198 1697 2234 eondisci-

286 2262 383 2308 pulos
407 2261 484 2297 suos
505 2261 632 2308 primas
660 2261 792 2307 semper
817 2259 986 2301 obtinuit3
1015 2259 1050 2293 in
1077 2259 1179 2295 sacris
1206 2260 1315 2296 literis
1342 2261 1534 2307 ingeniosus
1561 2268 1596 2298 et
1622 2263 1697 2298 sub-
