1913 2692
602 223 665 252 DE
699 222 1032 253 SCRIPTORIBUS
1066 222 1228 253 SCOTIS.
1607 226 1625 252 5

212 327 267 350 am
297 313 459 354 reversus,
487 312 696 348 a116t0ritate
726 318 760 347 et
785 311 876 359 juffu
901 313 1075 347 Malcolmi
1101 313 1207 347 Tertii
1232 312 1322 358 regis
1348 312 1539 353 Scotorum,
1567 314 1621 347 cui

212 378 309 413 valde
343 389 442 412 carus
475 382 549 412 erat
583 388 646 422 pro
685 376 785 422 ipfius
818 376 909 411 vitae
951 376 1160 422 integritate,
1195 375 1414 411 Cathcnefiae
1448 376 1622 422 episcopus

213 441 259 476 est
284 441 485 475 declaratus.
537 440 698 479 Tandem,
726 440 877 486 Turgoto
902 441 1055 480 auctore,
1084 439 1262 475 Breviaria
1289 445 1324 474 et
1355 440 1475 475 Officia
1509 439 1622 474 omnia

214 503 430 538 ecclesiastica
456 504 638 538 Scotorum
664 502 873 537 reformavit.
925 502 1063 548 Scripsit

358 567 410 601 De
437 566 591 612 Antiqua
617 566 802 612 Disciplina
828 565 1056 601 Ecclefiastica
1081 566 1138 601 lib.

358 630 410 665 De
437 630 678 665 Reformandis
704 629 953 676 Religiosorum
979 630 1143 664 Moribus.

214 694 346 729 Claruit
372 706 462 729 anno
487 694 637 740 epochae
664 693 872 728 Christianae
899 695 1004 734 1061,
1039 693 1223 728 Malcolmo
1249 693 1321 740 ejus
1350 692 1497 728 nominis
1522 692 1626 727 tertio

214 762 379 803 regnante
405 757 440 791 in
466 757 590 792 Scotia.

588 913 652 948 DE
677 913 919 948 GULIELMO
945 913 1293 949 LAUTHOMENSI.

218 1043 436 1077 GULn-:LMUS
461 1040 761 1080 LAUTHOMENSIS,
783 1052 908 1086 genere
934 1045 969 1075 et
995 1041 1134 1075 natione
1158 1041 1288 1081 scotus,
1316 1046 1351 1076 et
1373 1042 1630 1076 Lauthomenfis

219 1104 373 1140 coenobii
410 1103 651 1138 canonicorum
694 1103 902 1149 regularium
945 1104 981 1138 in
1014 1105 1176 1139 Cambria
1217 1105 1360 1151 praeses,
1402 1106 1632 1151 praeceptori-

220 1170 283 1203 bus
317 1167 455 1214 optimis
486 1178 571 1213 quos
600 1179 640 1201 ea
668 1167 831 1201 laudabat
859 1172 953 1202 aetas
978 1168 1066 1208 usus,
1094 1169 1137 1202 ab
1164 1168 1235 1214 ipsa
1268 1169 1396 1204 tenella
1425 1174 1538 1204 aetate
1569 1169 1633 1204 stu-

219 1232 284 1267 diis
316 1231 495 1266 literarum
537 1242 677 1277 operam
711 1230 825 1271 dedit;
867 1231 910 1265 ad
945 1231 1113 1277 ampliora
1146 1232 1268 1267 deinde
1302 1232 1462 1278 aspirans,
1501 1233 1632 1267 diversa

220 1295 320 1342 petiit
356 1294 599 1330 canonicorum
625 1294 779 1329 claustra.
829 1294 1012 1329 Facundus
1038 1295 1098 1335 vir,
1125 1300 1164 1329 ut
1190 1295 1302 1342 inquit
1328 1296 1507 1335 Lelandus,
1534 1296 1633 1331 item-

222 1371 289 1405 que
311 1359 442 1398 doetus,
460 1358 602 1392 mirifice
625 1358 769 1392 ardebat
787 1357 975 1403 cupiditate
996 1358 1159 1393 laudandi
1182 1359 1376 1394 Robertum
1393 1359 1632 1394 Betunensem.

225 1422 363 1469 Scripsit

372 1485 489 1519 Vitam
514 1484 554 1518 B.
582 1484 727 1518 Roberti
752 1484 961 1518 Betunenfis.

225 1548 358 1584 Claruit
393 1559 483 1582 anno
514 1546 692 1581 intimatae
726 1547 818 1593 pacis
852 1547 1068 1594 evangelicae
1104 1550 1207 1590 1230,
1238 1549 1320 1584 dum
1353 1549 1552 1586 Alexander
1578 1550 1637 1585 Se-

227 1612 358 1647 cundus
383 1611 537 1657 regimen
563 1610 699 1645 Scotiae
724 1610 910 1646 inchoaret.

706 1769 769 1803 DE
795 1769 960 1805 THOMA
986 1770 1210 1807 BRANDIO.

233 1898 388 1932 THoMAs
425 1896 621 1931 BRANDms
657 1896 787 1935 Scotus‚
830 1908 936 1943 prope
974 1898 1214 1946 Edjnburgum
1249 1899 1391 1947 [natus]
1427 1912 1470 1935 ex
1502 1900 1641 1936 honesta

235 1961 372 2001 familia,
408 1960 498 1994 inter
527 1959 711 1994 monachos
740 1959 985 1997 Benedictinos
1018 1963 1191 2004 educatus,
1225 1963 1340 2010 ibique
1374 1964 1409 1999 in
1442 1964 1643 2011 theologicis

234 2024 350 2059 studiis
380 2023 573 2063 instru&us,
603 2023 639 2057 in
666 2023 790 2069 quibus
818 2029 954 2059 tantum
982 2027 1128 2072 profecit
1156 2032 1196 2061 ut
1225 2039 1246 2062 a
1276 2027 1474 2063 doetiffimis
1503 2027 1583 2062 viris
1607 2028 1642 2061 in

234 2100 359 2134 magna
384 2087 577 2122 reverentia
601 2087 787 2122 haberetur
810 2088 999 2135 theologus.
1051 2090 1151 2125 Unde
1168 2092 1212 2126 ab
1238 2091 1309 2137 ejus
1334 2091 1481 2126 facundo
1506 2091 1643 2138 ingenio

236 2156 439 2187 emanarunt
457 2151 492 2185 in
510 2150 714 2197 posteritatis
731 2151 926 2192 utilitatem,

382 2216 434 2250 De
452 2215 564 2250 Causa
581 2220 615 2249 et
629 2214 784 2249 Veritate
803 2215 877 2255 Dei,
896 2215 1004 2251 Causa
1021 2216 1216 2259 Causarum,
1235 2222 1354 2254 contra
1371 2218 1592 2265 Pelagianos;
1611 2224 1644 2253 et

429 2278 496 2314 alia
514 2278 691 2325 quaedam,
710 2289 797 2325 quae
819 2277 861 2314 fic
879 2278 1127 2315 inscribuntur:
