1913 2692
268 260 288 288 8
647 256 710 287 DE
744 254 1072 287 SCRIPTORIBUS
1104 254 1266 286 SCOTIS.

268 346 435 394 sumpfiffe
467 359 529 394 per
561 347 736 393 Europam
770 345 936 386 scribitur,
970 345 1147 391 multaque
1185 344 1221 379 in
1258 344 1382 378 itinere
1418 347 1540 378 notatu
1573 343 1675 389 digna

268 411 396 446 chartis
425 410 599 446 commifit.
659 410 848 444 Monachus
878 409 936 443 ille
962 407 1217 443 Nordovicenfis
1244 407 1491 442 Benedictinae
1520 406 1676 441 sodalita-

268 474 322 515 tis,
353 475 388 509 in
422 475 569 521 quodam
603 479 759 508 veterum
801 473 1015 518 Scriptorum
1049 471 1223 517 CatalogQ
1257 470 1358 515 hujus
1392 469 1549 516 Hugonis
1582 481 1676 504 men-

268 539 398 573 tionem
431 538 521 578 fecit,
560 537 725 583 inquiens,
761 537 863 582 Hugo
901 536 943 570 de
977 534 1153 574 Hibernia,
1188 546 1231 568 ex
1264 533 1507 568 Minoritarum
1540 544 1674 579 genere,

268 600 393 646 scripsit

412 662 632 698 Itinerarium
658 662 840 708 quoddam,
866 661 924 695 lib.
952 670 975 694 Ι.

269 728 324 762 Sic
349 728 452 762 habet
478 727 544 761 ille.
595 726 689 760 Nihil
714 725 807 760 aliud
841 726 884 759 ab
918 724 983 758 hoc
1017 722 1163 768 Hugone
1197 721 1360 768 scriptum
1393 722 1548 768 legimus.
1599 722 1676 757 Cla-

267 789 366 826 ruiffe
388 796 503 826 autem
525 791 634 825 fertur
658 801 748 824 anno
776 790 877 828 1360,
901 791 1066 833 regnanto
1098 785 1231 820 Davido
1257 785 1404 820 secundo
1431 786 1503 832 ejus
1528 785 1675 820 nominis

267 855 357 900 apud
383 855 511 889 Scotos.

656 995 719 1030 DE
744 993 992 1030 RICHARDO
1019 992 1328 1027 ARMACHANO.

267 1111 486 1144 chnARDUS
524 1108 794 1145 Ammonzxrms,
830 1104 930 1139 aliter
964 1104 1054 1138 filius
1090 1103 1263 1149 Radulphi
1297 1103 1496 1149 appellatus,
1531 1103 1669 1138 natione

266 1174 397 1211 Scotus,
429 1183 471 1205 ex
497 1170 662 1204 Arraniae
692 1168 799 1203 insula
827 1180 933 1214 prope
960 1167 1161 1202 Hiberniam
1191 1166 1363 1206 oriundus,
1396 1166 1520 1201 Oxonii
1547 1166 1669 1201 libera-

265 1236 353 1270 libus
378 1234 517 1273 artibus‚
544 1232 603 1266 sub
629 1232 780 1266 Doctore
805 1231 939 1265 Joanne
964 1243 985 1265 a
1010 1231 1260 1276 Baconthorpo‚
1287 1230 1486 1276 philosopho
1512 1235 1546 1265 et
1572 1231 1668 1265 theo-

265 1300 343 1344 logo
369 1297 496 1342 insigni,
532 1307 671 1341 operam
702 1294 815 1334 dedit;
852 1294 910 1328 ubi
936 1295 1075 1328 tandem
1100 1294 1149 1329 ita
1174 1294 1209 1328 in
1234 1294 1350 1329 studiis
1375 1293 1441 1328 suis
1466 1293 1666 1340 profecerat,

265 1368 312 1401 ut,
347 1361 549 1405 suffragante
590 1370 670 1404 rege
705 1358 855 1392 Henrico
889 1357 1013 1397 Tertio,
1050 1357 1287 1392 Lichfeldenfis
1329 1356 1485 1392 ecclefiae
1522 1356 1668 1392 archidi-

265 1436 390 1459 aconus
423 1422 462 1457 fit
494 1423 615 1461 factus,
651 1421 772 1455 deinde
807 1419 1004 1455 Oxonienfis
1038 1420 1242 1454 Academiae
1276 1420 1506 1460 cancellarius,
1541 1425 1576 1454 et
1609 1420 1667 1455 de-

263 1499 359 1521 mum
391 1484 659 1530 archiepiscopus
693 1484 937 1523 Armaehanus,
968 1489 1003 1518 et
1030 1484 1215 1518 Hiberniae
1248 1484 1396 1530 primas,
1432 1484 1467 1518 in
1494 1484 1666 1530 theologia

265 1556 299 1584 et
333 1550 367 1583 in
400 1553 545 1594 utroque
581 1548 659 1593 jure
692 1547 742 1581 sui
774 1547 849 1581 aevi
887 1546 1095 1581 doctiffimus
1128 1547 1274 1582 habitus.
1335 1548 1472 1594 Scripfit
1509 1548 1664 1594 plurima,

266 1614 307 1647 de
333 1612 456 1658 quibus
480 1611 564 1645 haec
590 1622 697 1656 pauca
723 1622 809 1656 quae
835 1610 1040 1655 sequuntur:

409 1675 538 1709 Contra
563 1674 701 1708 Fratres
726 1673 969 1712 Mendicantes,
996 1674 1053 1708 lib.
1080 1684 1158 1708 XVI.

406 1739 459 1773 De
486 1737 607 1772 Christi
633 1737 811 1782 Pauperie‚
837 1737 881 1771 ad
906 1737 1153 1778 Innocentium,
1179 1738 1235 1773 lib.
1263 1749 1328 1773 VH.

408 1801 653 1836 Illustrationes
678 1800 952 1847 Emugeliorum,
979 1800 1035 1835 lib.
1063 1811 1113 1835 lv.

408 1866 588 1899 Sermones
613 1864 789 1909 octoginta
814 1876 946 1903 novem,
972 1864 1029 1897 lib.
1053 1874 1091 1898 11.

408 1929 460 1963 De
487 1927 744 1968 Quaestionibus
770 1926 1020 1967 Armeniorum,
1046 1927 1103 1961 lib.
1130 1938 1168 1961 11.

408 1992 460 2025 De
486 1990 655 2025 Potestate
682 1990 867 2035 Spirituali,
895 1990 950 2023 lib.
977 2000 1000 2023 Ι.

408 2055 460 2088 De
486 2053 638 2088 Passione
664 2053 852 2092 Dominica,
879 2053 936 2087 lib.
963 2063 986 2086 Ι.

408 2118 536 2152 Contra
561 2117 657 2151 suum
683 2116 980 2156 Archidiaconum‚
1006 2116 1063 2150 lib.
1090 2127 1113 2150 Ι.

266 2184 352 2217 Cum
385 2181 501 2215 multis
536 2180 618 2214 aliis.
671 2180 859 2214 Avinionae
896 2180 1035 2214 tandem
1074 2180 1279 2214 obdormivit
1313 2180 1348 2214 in
1382 2180 1538 2221 Domino,
1572 2193 1661 2216 anno

266 2248 368 2285 1360,
394 2245 452 2290 qui
478 2256 591 2278 coram
616 2244 775 2289 pontifice
804 2248 922 2277 contra
947 2244 1085 2278 Fratres
1110 2243 1344 2278 Mendicantes
1374 2243 1432 2279 diu
1458 2244 1660 2291 litigaverat,

265 2312 429 2354 regnante
455 2307 489 2341 in
515 2307 630 2341 Scotia
654 2306 786 2341 Davido
813 2306 978 2341 Secundo.
