1913 2692
586 249 648 279 DE
687 246 1021 278 SCRIPTORIBUS
1056 246 1220 276 SCOTIS.
1575 247 1615 275 ยน:23

204 343 331 377 virtute
360 340 631 387 archiepiscopus
666 337 885 374 Bituricenfis
916 338 963 372 est
989 337 1130 372 electus.
1182 337 1408 371 Monumenta
1438 336 1515 370 suae
1542 349 1618 370 eru-

204 406 343 441 ditionis
359 404 501 450 reliquit
516 417 522 438 :
1357 392 1366 397 ยน

348 469 529 504 Orationes
559 468 604 503 ad
635 467 820 502 Pontifices
848 466 1085 501 Alexandrum
1115 464 1192 512 [et]
1223 465 1366 505 Julium,
1399 464 1617 503 Ludovicum,

397 539 431 567 et
448 533 618 567 Jacobum
636 532 816 573 Quartum,
835 531 1011 577 eleganter
1028 529 1243 575 conscriptas.

350 598 402 632 De
420 596 611 632 Concordia
629 594 808 635 Ecdeme,
827 595 884 630 lib.
904 606 926 629 1.

351 660 403 694 De
422 660 596 695 Laudibus
612 658 776 694 Ludovici
795 658 909 705 Regis.

205 724 338 759 Claruit
355 736 445 759 anno
465 726 556 758 1515
576 728 741 770 regnante
758 723 890 758 Jacobo
909 723 980 768 ejus
999 723 1146 757 nominis
1165 723 1295 768 quinto.

624 868 688 902 DE
712 867 898 902 JOANNE
924 866 1207 901 VIGILANTIO.

206 982 375 1017 JOANNES
415 981 671 1020 VIGILANTIUS,
711 980 794 1014 alias
832 979 981 1019 Walker,
1017 978 1260 1013 Fermeloduni
1298 984 1407 1018 natus,
1442 990 1462 1012 a
1496 979 1622 1013 teneris

207 1046 305 1081 annis
339 1046 374 1080 in
408 1043 678 1080 Haddintonenfi
712 1044 825 1079 schola
862 1044 1035 1083 educatus,
1074 1055 1143 1077 non
1178 1043 1280 1078 modo
1314 1044 1434 1089 pietati
1472 1045 1515 1078 ab
1554 1044 1624 1089 ipsa

208 1111 319 1145 statim
348 1110 496 1156 pueritia
524 1109 688 1147 studebat,
720 1121 839 1144 venun
869 1108 974 1143 etiam
1003 1108 1163 1142 meliores
1192 1113 1284 1142 artes
1318 1108 1474 1143 excolere
1503 1109 1623 1154 coepit.

208 1186 276 1220 quo
304 1174 441 1209 nomine
468 1173 582 1220 postea
611 1172 834 1208 Academiam
861 1173 1082 1208 Andreanam
1110 1173 1218 1208 literis
1245 1173 1434 1213 florentem,
1462 1178 1497 1208 et
1524 1173 1557 1207 in
1586 1186 1623 1207 ea

209 1238 462 1273 Leonardinum
483 1237 676 1284 Collegiiun
696 1249 759 1284 pro
780 1237 839 1272 suo
862 1238 962 1284 petiit
982 1238 1113 1279 studio3
1134 1239 1226 1273 unde
1248 1239 1425 1285 postquam
1449 1239 1625 1285 utriusque

210 1304 347 1350 linguae
373 1308 408 1338 et
433 1302 586 1337 Graecae
612 1307 647 1336 et
672 1302 814 1337 Latinae
840 1302 1081 1349 cognitionem,
1110 1315 1149 1338 ac
1173 1303 1386 1338 scholasticae
1414 1315 1491 1338 cum
1517 1303 1626 1349 philo-

211 1368 346 1413 sophiae
366 1373 441 1401 tum
463 1367 657 1413 theologiae
681 1366 856 1401 scientiam
877 1367 1022 1413 adeptus
1045 1366 1136 1407 esset,
1155 1368 1294 1403 tandem
1318 1368 1420 1403 titulo
1444 1368 1625 1414 magisterii

212 1430 311 1466 cursu
345 1430 499 1466 absoluto
538 1435 679 1465 ornatus
717 1430 772 1464 est.
828 1430 962 1465 Deinde
1001 1431 1082 1466 data
1111 1431 1283 1466 occafione
1319 1433 1497 1467 commoda
1531 1445 1627 1478 pere-

212 1494 380 1541 grinandi,
406 1495 442 1528 in
473 1494 602 1529 Gallias
627 1494 872 1534 transfretavit,
899 1494 978 1529 inde
1009 1495 1216 1530 Nemausum
1247 1496 1294 1530 est
1317 1496 1502 1542 profectus,
1535 1497 1628 1531 dein-

214 1560 256 1594 de
292 1557 591 1605 Montispeffulam.
630 1558 689 1592 ubi
727 1558 762 1592 in
796 1563 942 1605 utraque
976 1558 1214 1605 profeffionem
1252 1559 1414 1594 sustinuit.
1479 1561 1626 1596 Tolosae.

215 1623 296 1657 dum
331 1635 374 1657 ex
408 1622 509 1657 Italia
547 1622 684 1662 rediret,
720 1634 782 1668 per
813 1621 963 1657 Jesuitas
996 1623 1171 1669 religionis
1201 1635 1283 1670 ergo
1312 1623 1493 1670 perculsus,
1529 1630 1563 1659 et
1593 1625 1627 1659 in

215 1687 316 1721 domo
351 1686 629 1721 incarcerationis
663 1686 846 1732 conjectus9
883 1687 975 1732 quod
1011 1687 1213 1734 religionem
1247 1688 1472 1724 Christianam
1509 1695 1541 1723 et
1577 1702 1629 1724 or-

215 1751 403 1786 thodoxam
421 1751 579 1797 objurare
597 1755 768 1785 renuerat.
821 1750 962 1796 Scripsit

360 1814 466 1849 Lusus
484 1815 650 1849 Poeticos.

362 1879 552 1913 Orationes.

362 1944 595 1978 praefationes
612 1943 647 1978 in
666 1942 895 1978 Aristotelem.

218 2008 351 2042 Floruit
370 2007 430 2042 sub
447 2008 579 2043 Jacobo
598 2008 714 2048 Sexto,
733 2013 768 2043 et
786 2007 903 2042 Primo
920 2009 1012 2054 apud
1030 2010 1169 2056 Anglos,
1188 2022 1279 2057 rege,
1298 2023 1388 2045 anno
1409 2013 1510 2046 1616.

620 2153 683 2187 DE
708 2153 949 2188 GULIELMO
976 2154 1230 2190 RAMISAEO.

221 2264 440 2300 GULIELMUS
474 2266 694 2301 RAMISAEUS
728 2265 762 2299 in
798 2265 922 2301 Fifenfi
955 2278 1039 2314 agro
1073 2273 1183 2307 natus,
1216 2268 1424 2315 Andreapoli
1462 2269 1498 2303 in
1539 2270 1636 2305 bonis

220 2327 329 2363 literis
354 2328 517 2369 initiatus,
544 2329 658 2376 postea
687 2330 723 2364 in
752 2329 907 2364 ordinem
938 2331 1204 2367 Benedictinum
1229 2330 1389 2368 admiffus
1414 2333 1449 2368 in
1475 2334 1635 2381 Angliam
