1913 2692
677 184 739 215 DE
779 184 1113 216 SCRIPTORIBUS
1147 185 1310 216 SCOTIS.
1644 189 1703 227 107

280 281 379 311 tanta
405 287 496 317 cura,
533 280 670 310 tantum
700 274 874 315 studium;
907 274 988 310 hinc
1019 275 1131 310 subito
1160 275 1252 311 fama
1285 276 1386 322 super
1414 276 1555 312 aethera
1588 284 1699 316 notus,

280 346 373 375 certe
399 339 528 375 etenim
552 339 694 385 dignum
720 338 821 373 laude
847 337 960 373 virum
985 338 1083 374 Musa
1108 344 1203 375 vetat
1230 340 1328 375 mori.
1392 340 1536 387 Sapiens
1562 341 1700 376 virtutis

278 405 453 443 honorem,
486 402 679 449 praemium
708 414 778 437 non
811 402 974 448 praedam
1005 403 1112 449 petit3
1141 415 1254 450 neque
1284 403 1391 439 ullam
1425 403 1528 439 aliam
1561 404 1699 439 suorum

279 469 434 502 laborum
472 466 666 502 mercedem
699 466 806 513 poscit
839 478 943 513 quam
978 467 1089 502 laudis
1121 473 1157 503 et
1190 468 1329 515 gloriae,
1364 480 1468 514 quam
1503 467 1525 502 fi
1559 468 1609 503 illi
1643 470 1700 502 de-

276 530 432 571 traxeris,
467 530 553 565 nihil
585 530 636 565 illi
670 529 836 576 relinquis
871 541 933 565 cur
972 530 1005 566 se
1038 532 1145 566 tantis
1178 532 1473 568 lucubrationibus
1506 538 1541 568 et
1575 533 1699 580 vigiliis

276 600 444 630 exerceat.
509 593 647 641 Scripsit
680 594 791 629 multa
824 595 1000 640 praeclara
1039 595 1201 641 opuscula
1241 597 1364 643 quibus
1406 597 1608 632 memoriam
1648 597 1697 631 sui

275 659 414 705 posteris
430 658 684 694 commendavit
698 671 706 699 3
723 658 896 699 nimirum,

419 723 551 758 Contra
591 721 867 757 virulentiffimas
908 722 1107 758 insanientis
1148 724 1297 770 papistae
1345 724 1490 760 Joannis
1536 726 1698 761 Cochlaei

467 785 674 827 Calumnias,
694 786 901 832 Apomaxim
919 798 982 832 pro
1000 787 1106 833 Rege,
1126 786 1182 821 lib.

420 851 472 885 De
491 850 636 885 Damnis
652 862 696 885 ex
713 850 926 891 Rebellione,
945 850 1001 885 lib.

418 913 586 949 Remedia
602 919 723 949 contra
740 913 962 955 Seditionem,
981 914 1037 949 lib.

419 978 487 1013 Pro
505 977 647 1013 Tuenda
665 977 793 1017 Patria,
812 977 870 1012 lib.
889 988 911 1012 1.

418 1042 590 1078 Adversus
607 1041 853 1082 Proditionem,
872 1041 929 1077 lib.

418 1106 603 1141 Historiam
621 1106 752 1141 Rerum
769 1105 940 1152 gestarum
959 1105 1110 1145 Henrici,
1131 1107 1187 1141 lib.

418 1170 584 1217 Epistolas
600 1170 645 1206 ad
662 1169 820 1210 diversos,
838 1169 896 1205 lib.

273 1235 455 1270 Transtulit
489 1235 595 1270 etiam
629 1235 665 1269 in
699 1234 884 1281 Anglicum
917 1233 1108 1270 sermonem
1142 1235 1316 1275 nonnulla,
1352 1236 1394 1270 de
1429 1237 1553 1282 quibus
1595 1237 1695 1282 plura

272 1299 349 1334 vide
379 1299 414 1333 in
442 1299 554 1334 nostro
581 1299 749 1345 Catalogo
777 1298 1002 1344 Scriptorum.
1065 1298 1119 1333 Ex
1147 1299 1249 1335 Italia
1276 1299 1415 1335 demum
1448 1300 1584 1336 rediens
1617 1312 1694 1346 per-

274 1363 367 1398 venit
401 1365 682 1410 Argentoratum,
717 1363 776 1398 ubi
809 1374 901 1398 anno
934 1362 1066 1409 gratiae
1102 1365 1195 1398 1556
1237 1369 1272 1398 et
1312 1364 1368 1399 die
1412 1365 1456 1400 17
1499 1364 1616 1400 Martii
1659 1365 1693 1399 in

272 1428 431 1463 humanis
456 1426 522 1463 efle
539 1426 644 1463 desiit,
700 1427 834 1463 Claruit
850 1426 911 1462 sub
929 1427 1048 1462 Maria.

738 1570 801 1605 DE
825 1570 1012 1605 JOANNE
1039 1571 1230 1608 KNOXIO.

270 1685 440 1719 JOANNES
467 1684 650 1724 KNOXIUS‚
676 1695 719 1719 ex
748 1684 890 1729 antiqua
916 1683 1135 1719 Knoxiorum
1161 1684 1292 1721 familia
1317 1685 1352 1720 in
1378 1685 1531 1720 Lenoxia
1555 1685 1690 1721 Scotiae

271 1748 398 1783 ducatu
439 1748 614 1787 oriundus,
654 1748 690 1782 in
732 1747 846 1783 schola
879 1747 992 1793 patria
1028 1759 1115 1793 quae
1153 1753 1293 1783 tenerae
1334 1748 1440 1783 aetati
1482 1749 1691 1783 conveniunt

271 1812 398 1847 didicit.
450 1812 580 1852 Postea,
608 1823 687 1846 cum
717 1810 799 1846 effet
832 1812 942 1846 bonae
969 1811 1039 1857 spei
1065 1811 1269 1852 adolescens,
1299 1812 1342 1847 ad
1372 1811 1621 1858 philosophiam
1655 1817 1690 1847 et

270 1877 427 1912 liberales
469 1882 562 1912 artes
600 1875 847 1923 perdiscendas,
887 1880 1024 1910 exteras
1059 1875 1101 1910 de
1142 1888 1238 1910 more
1277 1876 1436 1922 regiones
1478 1875 1608 1922 petiit:
1653 1877 1688 1910 in

270 1941 418 1976 Galliam
443 1940 550 1987 igitur
575 1939 820 1979 transfretavit,
852 1950 932 1973 mox
960 1939 1003 1973 ad
1030 1939 1206 1974 Genevam
1232 1939 1265 1974 se
1291 1939 1446 1980 contulit,
1475 1939 1533 1974 ubi
1560 1940 1689 1975 variam

269 2005 555 2051 multijugamque
582 2003 813 2039 eruditionem
837 2004 871 2038 in
897 2003 1090 2038 orthodoxa
1115 2003 1280 2049 religione
1306 2002 1368 2038 fibi
1391 2003 1603 2049 comparavit
1628 2003 1688 2038 sub

269 2070 400 2116 optimo
430 2074 466 2104 et
491 2067 671 2104 clarissimo
707 2067 850 2103 doEtore
879 2067 1014 2102 Joanne
1045 2067 1197 2102 Calvino.
1250 2067 1371 2102 Postea
1400 2067 1435 2101 in
1464 2067 1627 2114 Angliam
1655 2068 1687 2101 se

269 2134 398 2180 recepit
438 2133 549 2169 fidelis
585 2133 651 2168 Dei
693 2132 813 2168 vineae
855 2132 1005 2171 colonus,
1049 2137 1083 2167 et
1128 2132 1174 2166 ibi
1217 2132 1303 2166 bene
1346 2132 1524 2167 inchoatos
1569 2132 1687 2167 videns

267 2197 414 2232 aliorum
445 2199 579 2234 labores
608 2197 667 2243 qui
698 2196 873 2243 religionis
902 2196 1145 2230 reformatores
1172 2201 1280 2231 erant.
1316 2196 1385 2230 imo
1412 2195 1570 2231 laborum
1597 2196 1686 2231 fruc-
