1913 2692
254 204 294 234 4⁴2
642 202 704 235 DE
742 204 1074 236 SCRIPTORIBUS
1110 204 1272 235 SCOTIS.

256 294 423 341 Denique,
446 298 485 330 ut
511 294 560 330 ita
585 295 706 336 dicam,
731 296 797 331 hoc
822 308 891 330 uno
916 295 1043 333 infelix,
1070 296 1162 342 quod
1187 295 1438 341 quodammodo
1456 295 1557 331 nimis
1573 296 1663 337 felix,

256 358 361 392 nimia
402 370 549 404 namque
587 358 731 394 felicitas
770 359 911 394 nimiam
946 359 977 394 ei
1018 359 1152 406 peperit
1194 360 1366 394 invidiam.
1442 360 1666 396 Monumenta

256 422 360 457 etiam
377 421 426 456 sui
444 422 573 468 ingenii
591 427 625 457 et
643 423 845 457 eruditionis
862 423 1058 469 posteritati,
1078 424 1282 469 posteritatis
1298 436 1438 459 memor.
1457 424 1595 470 reliquit
1610 438 1616 458 :

402 486 491 520 Suae
510 486 801 532 Peregrinationis
818 487 1032 532 Apologiam‚
1051 488 1176 522 librum
1194 500 1311 522 unum.

401 550 453 584 De
483 550 715 596 Reparatione
749 550 855 595 Lapfi,
883 550 941 585 seu
968 551 1010 585 de
1039 551 1171 585 Fructu
1207 551 1453 591 Poenitentiae,
1484 551 1526 585 ad
1559 551 1667 587 Janu-

447 613 568 650 arium,
587 614 659 648 MS.
678 614 713 647 in
731 614 883 660 Collegio
902 614 975 648 Caii
995 614 1245 660 Cantabrigiae,
1263 615 1320 649 lib.
1339 625 1362 649 Ι.

401 675 453 710 De
471 676 556 710 Fide
573 676 826 717 Perseverante,
844 677 971 711 librum
989 689 1012 712 I.

399 740 452 775 De
489 741 716 787 Prognosticis
755 741 993 783 Nativitatum,
1033 743 1159 777 librum
1199 755 1315 777 unum.
1393 744 1494 778 Hunc
1530 745 1666 790 juvenis

448 803 564 844 edidit,
583 804 665 838 dum
682 804 896 839 incumberet
913 806 1063 841 mathefi.

401 867 503 901 Liber
536 868 578 902 de
609 868 828 914 Recipiendis
861 869 973 915 Lapfis
1006 868 1183 915 impl-effus
1216 870 1263 904 est
1295 869 1331 903 in
1363 872 1380 904 1
1414 876 1509 905 tomo
1543 871 1667 906 Ortho-

450 931 749 977 doxographorum
767 932 927 967 Bafileae.

256 994 402 1029 Caetera
428 1007 497 1029 non
522 995 599 1029 sunt
629 1008 811 1042 quoquam,
839 997 930 1043 quod
955 997 1066 1037 sciam,
1097 997 1261 1043 catalogis
1290 997 1459 1043 inscripta.
1523 998 1563 1032 In
1590 998 1666 1037 fine,

257 1058 328 1103 post
353 1058 464 1093 varios
489 1059 623 1094 labores
648 1060 691 1094 ab
717 1060 781 1095 hac
807 1060 877 1096 vita
902 1060 1072 1107 migravit,
1098 1061 1266 1096 incarnati
1294 1061 1355 1095 filii
1382 1062 1446 1096 Dei
1471 1074 1561 1097 anno
1587 1064 1667 1101 460,

257 1127 412 1167 tempore
430 1123 605 1169 Dongardi
623 1123 722 1169 regis.

806 1265 869 1300 DE
895 1265 1117 1302 MERLINO.

257 1376 461 1416 MERLINUS,
491 1380 718 1421 cognomento
752 1376 966 1417 Caledonius,
994 1378 1029 1412 in
1053 1379 1187 1414 Scotiae
1213 1379 1403 1414 confinibus
1432 1379 1497 1414 five
1526 1393 1567 1414 ex
1593 1381 1670 1417 dae-

258 1452 358 1474 mone
384 1440 518 1479 incubo,
544 1445 583 1474 ut
608 1439 709 1474 multi
733 1440 940 1479 fabulantur,
965 1441 1029 1476 five
1056 1455 1099 1476 cx
1124 1443 1251 1477 furtiva
1275 1455 1408 1482 venere,
1438 1449 1476 1477 ut
1503 1456 1546 1478 ex
1568 1444 1671 1479 Gilda

258 1508 381 1548 quarto
414 1503 595 1549 colligitur,
631 1508 757 1543 natus;
792 1504 851 1538 ubi
881 1504 1074 1540 adolescens
1108 1506 1206 1540 bonis
1239 1505 1348 1540 literis
1377 1518 1516 1552 operam
1550 1507 1669 1548 dedit;

257 1579 336 1602 eum
373 1579 453 1602 vcro
486 1572 640 1602 maturos
669 1566 809 1602 venifl'et
842 1568 886 1602 ad
919 1580 1035 1609 anuos,
1070 1569 1186 1604 studiis
1220 1569 1402 1616 diligenter
1436 1569 1600 1610 incubuit,
1635 1576 1670 1606 et

259 1631 401 1666 eruditis
429 1632 561 1666 artibus
585 1643 625 1666 ac
650 1631 759 1666 literis
785 1644 923 1677 operam
955 1633 1057 1673 dedit,
1091 1633 1240 1667 scientiis
1270 1633 1375 1668 etiam
1408 1634 1669 1675 mathematicis,

259 1698 328 1731 imo
358 1696 491 1743 magiae
519 1695 727 1742 potiffimum
756 1697 914 1737 naturali,
945 1697 980 1731 in
1013 1697 1136 1743 quibus
1167 1697 1200 1731 se
1229 1697 1343 1743 postea
1372 1697 1472 1732 nimis
1506 1698 1669 1733 exercuit.

260 1761 507 1796 Admirabilem
540 1761 634 1795 illam
662 1761 815 1807 lapidum
848 1761 1064 1801 structuram,
1099 1760 1286 1807 Gigantum
1326 1761 1496 1795 Choream
1537 1767 1670 1801 vocant,

260 1837 347 1871 quae
378 1825 413 1859 in
438 1825 643 1859 hodiernum
667 1824 772 1870 usque
800 1824 891 1859 diem
918 1825 953 1859 in
982 1836 1065 1870 agro
1091 1823 1322 1859 Sarilberienfi
1347 1824 1560 1870 conspicitur,
1590 1825 1670 1867 illuc

259 1901 301 1924 ex
324 1888 491 1923 Hibernia
510 1887 712 1922 transtulifi'e
735 1887 869 1922 dicitur.
919 1887 1080 1922 Eduxifl'e
1103 1888 1207 1923 etiam
1234 1888 1344 1923 fertur
1369 1889 1555 1935 praestigiis
1575 1890 1671 1924 miris

260 1964 304 1987 ex
336 1951 452 1997 stagno
488 1951 637 1997 quodam
677 1950 884 1985 dormientes
917 1951 1090 1985 dracones.
1166 1951 1295 1987 Dicunt
1329 1951 1432 1986 etiam
1475 1953 1566 1998 quod
1604 1953 1670 1987 suis

261 2015 549 2051 incantationibus
586 2013 771 2049 Utherium
806 2026 924 2061 regem
961 2014 997 2048 in
1029 2014 1201 2049 Gorloidis
1241 2015 1434 2050 Cornubiae
1467 2016 1562 2050 ducis
1599 2016 1670 2062 spe-

259 2080 346 2114 ciem
378 2078 682 2119 transformaverit,
712 2083 751 2113 ut
781 2079 924 2124 Igernae
953 2078 1070 2113 uxoris
1101 2077 1271 2124 potiretur
1304 2078 1473 2124 amplexu,
1510 2084 1544 2113 et
1579 2080 1669 2125 quod

261 2155 303 2176 ex
333 2154 373 2177 eo
403 2142 586 2177 concubitu
619 2142 766 2177 nefando
800 2142 993 2177 Arthurum
1027 2146 1062 2176 et
1095 2141 1232 2176 Annam
1263 2141 1430 2187 genuerit.
1493 2142 1670 2178 Praedixit

261 2204 460 2240 Britanniae
493 2206 664 2241 excidium
696 2217 758 2252 per
792 2205 953 2247 Saxones,
987 2205 1109 2245 Dacos,
1143 2209 1178 2240 et
1211 2205 1434 2245 Normannos‚
1465 2210 1499 2240 et
1532 2205 1669 2252 regibus
