1913 2692
258 164 318 192 100
658 162 718 191 DE
754 161 1086 192 SCRIPTORIBUS
1121 161 1282 191 SCOTIS.

259 253 398 287 heroica
427 252 639 299 philosophia
665 252 700 286 in
728 251 902 287 censendis
932 257 966 287 et
994 251 1232 287 distribuendis
1261 250 1428 286 nobilium
1457 250 1585 296 clypeis
1615 250 1674 284 ad-

259 316 400 350 modum
428 320 594 362 occupata.
623 315 678 350 est.
733 315 845 349 David
871 315 977 362 igitur
1005 316 1061 350 hic
1091 328 1169 350 cum
1198 315 1318 350 aulicis
1347 314 1514 354 omnibus,
1541 313 1611 348 imo
1638 319 1673 348 et

260 380 330 425 ipso
364 391 444 426 rege
473 379 604 414 Jacobo
635 378 774 419 Quinto,
805 379 848 412 ob
878 378 1006 425 ingenii
1035 380 1120 414 varii
1150 380 1256 420 dotes,
1287 390 1355 413 non
1383 378 1559 424 vulgarem
1593 388 1672 412 con-

259 443 367 478 traxit
404 442 590 478 amicitiam
632 447 667 476 et
708 441 1002 477 familiaritatem:
1044 443 1125 477 hinc
1163 454 1184 478 a
1218 455 1297 489 rege
1331 453 1506 477 armorum
1540 453 1601 475 rex
1638 445 1672 475 et

260 518 364 552 eques
398 507 439 541 de
470 506 568 540 Mont
602 509 760 544 creatum
794 505 886 551 quod
915 505 1053 551 quidem
1081 518 1206 540 munus
1234 506 1319 540 adeo
1348 505 1430 540 scite
1460 510 1496 540 et
1525 504 1673 551 pruden-

260 576 314 604 ter
340 570 454 616 postea
480 569 606 609 obibat,
640 567 807 603 nobilium
841 574 875 603 et
908 567 1122 614 plebeiorum
1160 568 1291 603 summo
1324 568 1496 614 applaulh,
1530 573 1569 603 ut
1603 579 1672 602 non

260 632 437 667 minimam
465 631 604 666 laudem
630 630 709 665 inde
736 630 962 677 acquisiverit.
1012 631 1075 665 Vir
1107 637 1181 666 erat
1214 631 1319 677 lepidi
1345 636 1381 666 et
1407 631 1509 666 faceti
1535 631 1672 678 ingenii,

255 696 385 742 judicio
413 701 529 730 tamen
559 694 692 733 solidus,
723 694 831 728 mirae
860 693 1075 734 urbanitatis,
1105 694 1241 729 confilio
1270 694 1492 729 nihilominus
1524 695 1674 740 prudens

262 766 295 794 et
323 760 425 795 corde
457 758 542 805 pius,
575 757 739 793 sermonis
772 757 879 804 politi,
907 757 1044 804 linguae
1071 758 1262 805 expeditae,
1292 757 1571 793 eminentiffimae
1602 763 1673 792 tam

262 825 296 858 in
326 823 428 858 sacris
457 835 561 869 quam
589 822 625 856 in
654 822 805 868 profanis
831 821 940 856 literis
965 821 1135 857 scientiae.
1186 822 1305 857 Poefin
1334 821 1517 868 praecipue
1547 821 1673 859 coluit;

262 887 362 927 unde,
398 887 481 921 dum
515 885 630 921 studiis
663 885 846 931 aliquando
880 891 1027 925 vacaret,
1067 885 1255 932 composuit
1297 885 1389 921 inter
1422 891 1567 924 caetera,
1603 885 1675 919 vul-

262 950 336 996 gari
355 950 516 989 sermone,

408 1013 545 1048 Pfittaci
570 1012 832 1053 Testamentum,
849 1013 906 1047 lib.

408 1078 499 1111 Acta
519 1076 567 1111 sui
586 1075 771 1122 Temporis,
790 1076 847 1111 lib.

409 1141 460 1175 De
478 1139 600 1175 Mundi
618 1139 771 1179 Miseriis,
790 1139 846 1174 lib.

409 1204 660 1238 Testamentum
679 1203 870 1238 Cardinalis
888 1203 1022 1238 Betoni.

407 1268 591 1302 Certamen
608 1267 698 1301 inter
714 1267 884 1302 Jacobum
902 1266 1090 1302 Vatsonum
1107 1275 1140 1302 et
1158 1268 1180 1302 J
1183 1279 1328 1302 oannem
1346 1267 1537 1302 Tonsorem.

408 1331 587 1365 Somnium
605 1330 746 1365 Daw‘dis
763 1330 918 1371 Lindefii‚
937 1331 981 1365 ad
998 1331 1130 1378 Regem
1146 1331 1315 1366 Jacobunl
1334 1331 1511 1373 Quintum.

408 1393 695 1429 Exhortationem
711 1394 755 1428 ad
773 1394 919 1429 eundem
938 1395 1078 1442 Regem.

408 1458 689 1504 Deplorationem
707 1457 830 1493 Mortis
848 1458 1001 1504 Reginae
1020 1459 1252 1506 Magdalenae.

409 1521 681 1568 Descriptionem
698 1520 857 1561 Paradifi,
877 1526 911 1556 et
928 1521 996 1556 alia
1012 1521 1117 1556 etiam
1134 1522 1319 1556 contexuit.

263 1584 396 1619 claruit
413 1596 502 1619 anno
520 1584 696 1630 postquam
714 1584 867 1619 Verbum
885 1596 964 1620 caro
982 1585 1113 1619 factum
1131 1584 1176 1619 est
1196 1585 1299 1623 1540,
1318 1583 1377 1618 sub
1394 1583 1526 1618 Jacobo
1544 1583 1672 1624 Quinto

263 1649 452 1684 Scotorum.

663 1791 726 1825 DE
751 1791 1042 1826 ALEXANDRO
1067 1789 1273 1826 SETONIO.

262 1906 496 1939 ALEXANDER
524 1903 716 1943 Smomus,
743 1903 925 1949 theologus
954 1902 1099 1950 insignis,
1129 1902 1244 1937 Caroli
1273 1899 1478 1936 fflustriffimi
1509 1900 1672 1935 Sudovol-

264 1968 398 2014 giorum
432 1968 527 2002 ducis
560 1967 765 2014 capellanus,
795 1967 888 2002 claro
918 1971 952 2002 et
982 1966 1102 2001 illustri
1135 1965 1355 2001 Setoniorum
1382 1964 1520 2004 familia,
1550 1963 1671 1998 natali-

264 2043 390 2078 umque
423 2031 600 2078 splendore
630 2030 795 2071 coruscus,
824 2042 950 2078 genere
979 2036 1014 2065 et
1043 2029 1182 2065 natione
1215 2029 1345 2068 Scotus‚
1379 2027 1510 2063 Jacobo
1541 2026 1670 2067 Quinto

263 2095 444 2130 Scotorum
478 2095 551 2142 regi
584 2107 605 2130 a
637 2094 862 2130 conscientiae
894 2094 1039 2129 secretis.
1114 2093 1198 2128 Erat
1237 2098 1329 2127 certe
1362 2091 1406 2127 ad
1439 2091 1602 2125 virtutem
1636 2095 1669 2125 et

262 2159 369 2193 bonas
396 2159 514 2194 literas
541 2171 563 2194 a
590 2163 715 2193 natura
747 2158 826 2205 ipsa,
854 2158 929 2194 Deo
957 2158 1101 2204 auspice,
1134 2157 1247 2192 faetus
1275 2161 1311 2191 et
1337 2155 1513 2190 formatus.
1580 2153 1669 2188 Hinc

261 2226 401 2268 propter
427 2222 577 2258 indolem
605 2221 816 2269 praeclaram
845 2227 880 2257 et
908 2222 1002 2269 spem
1030 2232 1133 2268 quam
1162 2220 1204 2255 de
1228 2231 1269 2255 eo
1298 2224 1525 2265 conceperant
1551 2229 1669 2253 omnes
