1913 2692
257 208 297 235 52
649 202 711 231 DE
746 199 1078 231 SCRIPTORIBUS
1106 198 1267 229 SCOTIS.

257 294 451 342 quindecim
484 293 592 328 millia
624 292 718 327 sacro
752 303 792 327 ac
827 290 962 325 lustrico
1001 290 1095 324 fonte
1132 289 1289 324 abluerit.
1353 286 1463 322 Annis
1489 292 1668 333 praeterea

258 360 334 405 plus
362 358 476 393 minus
500 355 741 403 septemdecim
772 354 960 401 episcopale
994 365 1119 387 munus
1146 352 1379 386 Lindisfarnae
1412 350 1666 386 administravit.

259 423 339 458 Fuit
365 423 480 468 itaque
504 419 772 455 Northumbriae
803 418 980 465 apostolus,
1002 415 1282 451 Lindisfarnenfis
1307 414 1586 461 archiepiscopus,
1610 414 1668 459 qui

260 487 414 532 regulam
439 483 703 519 Benedififinam
730 482 938 521 reformavit,
969 487 1003 515 et
1033 481 1065 515 S.
1099 480 1256 520 Heinam,
1287 480 1434 526 primam
1463 484 1670 514 conventua-

261 550 328 583 lem
351 549 428 583 suae
455 547 587 594 patriae
610 546 804 585 monialem,
822 543 957 579 velavit.
1008 544 1071 578 Vir
1095 555 1240 589 magnae
1266 543 1467 578 eruditionis
1489 548 1524 578 et
1549 542 1673 577 sancti-

262 613 352 652 tatis,
394 610 605 646 incredibilis
637 609 895 655 temperantiae,
930 607 966 641 in
999 607 1122 641 divinis
1155 607 1263 642 literis
1296 607 1450 653 apprime
1490 607 1669 641 versatus:

265 677 333 723 qui,
369 681 407 710 ut
441 675 583 710 tradunt
620 674 717 708 Beda
751 678 786 708 et
821 672 941 718 Major,
977 683 1045 705 non
1078 671 1179 705 aliter
1212 670 1356 705 docebat
1389 682 1492 716 quam
1526 670 1671 708 vivebat,

265 739 349 773 nihil
379 738 471 773 enim
496 738 598 784 hujus
621 737 740 771 mundi
767 747 932 782 quaerere
952 735 1005 769 vel
1029 746 1144 769 amare
1171 735 1322 773 curabat,
1350 739 1384 769 et
1415 745 1501 779 quae
1529 733 1672 778 sequun-

265 810 333 837 tur.
386 803 495 837 Porro
513 800 670 847 scripfiffe
688 800 898 846 perhibetur,

411 867 452 900 In
470 865 684 911 Scripturam
702 862 984 902 Commentarios,
1003 862 1060 896 lib.
1079 873 1101 895 1.

412 929 579 964 Homilias
597 934 632 963 et
650 927 847 966 Conciones,
866 926 923 960 lib.
942 936 964 959 1.

412 994 464 1028 De
483 993 612 1028 Sancta
629 992 796 1026 Trinitate
814 990 1050 1029 Personarum,
1068 989 1125 1024 lib.
1144 999 1167 1022 1.

413 1056 603 1092 Conciones
621 1055 783 1102 quasdam
801 1054 842 1088 de
860 1052 995 1088 selectis
1013 1052 1110 1087 Locis
1127 1051 1353 1098 Epistolarum
1371 1051 1479 1090 Pauli,
1498 1056 1561 1085 etc.

270 1124 310 1156 In
336 1120 495 1156 humanis
521 1119 586 1154 efl'e
610 1118 704 1154 desiit
727 1118 813 1164 prid.
842 1117 903 1152 cal.
932 1113 1104 1162 Septemb.
1127 1127 1217 1150 anno
1237 1127 1258 1150 a
1279 1114 1491 1161 plenitudine
1513 1114 1677 1159 temporis

272 1188 350 1225 651,
370 1184 430 1219 sub
448 1183 671 1230 Ferquhardo
691 1181 856 1216 Secundo.

796 1324 858 1358 DE
884 1321 1148 1358 COLMANNO.

273 1441 509 1478 COLMANNUS,
556 1437 702 1476 antistes,
742 1435 917 1482 apostolici
960 1433 1088 1468 ordinis
1130 1431 1326 1471 monachus,
1376 1443 1446 1466 non
1487 1432 1678 1471 Benedicti,

273 1504 329 1539 sed
362 1502 518 1548 Congelli
550 1501 705 1547 regulam
743 1500 906 1538 imitatus,
944 1496 1177 1532 Lindisfarnae
1211 1494 1491 1541 archiepiscopus,
1526 1500 1561 1529 et
1595 1495 1681 1529 Nor-

273 1566 467 1602 thumbriae
501 1564 678 1611 apostolus,
712 1575 838 1610 genere
872 1567 908 1596 et
940 1559 1078 1595 natione
1113 1559 1244 1597 Scotus,
1275 1558 1311 1591 in
1345 1557 1471 1592 Huenfi
1505 1557 1614 1592 insula
1647 1564 1681 1592 et

274 1631 533 1678 apostolicorum
560 1629 712 1663 virorum
743 1627 886 1673 collegio
914 1627 957 1660 ab
981 1623 1050 1669 ipsa
1080 1622 1228 1668 pueritia
1254 1622 1427 1661 educatus,
1453 1622 1567 1667 postea
1593 1622 1683 1656 inter

275 1695 351 1730 suos
377 1693 492 1739 magni
521 1691 668 1727 nominis
696 1690 835 1725 habitus
863 1689 936 1729 est;
969 1687 1042 1733 regi
1070 1686 1175 1720 etiam
1204 1685 1437 1732 Ferquhardo,
1465 1686 1683 1721 anathemate

276 1759 319 1792 ab
347 1769 387 1791 eo
415 1756 537 1794 levato,
568 1760 648 1789 ante
674 1753 789 1788 omnia
818 1763 917 1787 carus
950 1755 985 1785 et
1015 1748 1226 1784 venerabilis.
1288 1749 1343 1783 Ad
1377 1748 1684 1784 Lindisfamensem

277 1826 393 1855 autem
420 1818 600 1858 ecclesiam,
632 1817 703 1863 post
730 1817 758 1850 F
760 1815 853 1850 inani
881 1814 1023 1854 obitum,
1051 1814 1232 1848 traductus
1257 1813 1312 1853 est,
1341 1813 1377 1848 in
1402 1814 1498 1859 cujus
1522 1814 1607 1854 loco,
1635 1814 1685 1848 in-

279 1885 430 1918 colarum
460 1882 618 1928 precibus
650 1880 780 1916 accitus
808 1892 827 1914 e
859 1878 983 1918 Seotia,
1010 1878 1170 1912 suffectus
1204 1877 1258 1912 est.
1318 1877 1371 1912 Ob
1402 1876 1543 1917 inlitam,
1574 1878 1685 1923 inquit

280 1948 384 1986 Beda,
421 1946 471 1980 illi
510 1944 729 1991 prudentiam
767 1942 916 1977 inultum
954 1953 1032 1975 eum
1068 1941 1232 1987 diligebat
1266 1941 1295 1975 N
1299 1941 1591 1976 orthumbriorum
1624 1952 1685 1975 rex

281 2011 420 2050 Osuius;
446 2008 750 2055 pariimoniamque
776 2007 857 2053 ejus,
884 2005 973 2039 vitae
1000 2004 1256 2045 continentiam,
1283 2010 1317 2039 et
1342 2005 1377 2039 in
1402 2016 1569 2051 pauperes
1596 2016 1686 2039 com-

281 2073 541 2113 miserationem,
579 2072 766 2107 laudabant
804 2069 963 2117 plurimi;
997 2069 1097 2115 longe
1136 2069 1212 2114 plus
1245 2069 1348 2103 etiam
1383 2068 1542 2103 favebant
1577 2068 1686 2102 Scotis

283 2149 385 2181 quam
419 2136 596 2172 Britannis
623 2135 927 2182 Anglo-Saxonum
954 2138 1037 2168 tunc
1070 2132 1223 2179 praelati,
1255 2132 1346 2178 quod
1375 2132 1441 2166 suis
1467 2131 1687 2166 concionibus

284 2212 341 2234 eos
360 2200 530 2245 juvarent.
592 2199 801 2235 Colmannus
826 2197 1012 2232 maximam
1041 2197 1216 2232 Saxonum
1246 2195 1511 2235 multitudinem,
1537 2200 1572 2229 et
1597 2195 1687 2229 inter

284 2264 433 2309 reliquos
459 2264 621 2303 Pendam,
652 2262 710 2309 qui
739 2262 829 2308 patri
859 2260 997 2296 Pendae
1032 2260 1067 2294 in
1095 2271 1201 2306 regno
1236 2257 1392 2297 sueceffit‚
1425 2270 1468 2293 ex
1498 2257 1686 2293 ethnicismi
