1913 2692
908 495 976 530 DE

391 640 1094 694 SCRIPTORIBUS
1188 642 1512 696 SCoTIS

734 798 911 837 LIBER
962 798 1162 838 ALTER.

450 1058 512 1093 DE
553 1059 731 1095 SANCTO
770 1060 969 1099 ALBANO,
1010 1058 1273 1095 SCRIPTORE
1311 1060 1463 1095 PRIMO

696 1139 910 1174 ILLUSTRI
948 1139 1211 1176 SCOTORUM.

246 1237 421 1270 ALBANUS
451 1241 590 1281 martyr,
622 1236 760 1270 natione
795 1236 928 1277 Scotus,
959 1237 1018 1282 qui
1048 1237 1091 1271 ab
1128 1236 1276 1272 Albania
1306 1249 1346 1271 eo
1376 1243 1540 1283 tempore,
1572 1250 1662 1272 nunc

246 1298 370 1334 Scotia.
411 1309 536 1332 nomen
572 1298 713 1344 accepit,
753 1298 856 1344 idque
890 1299 972 1333 dum
1013 1300 1104 1335 inter
1140 1300 1246 1335 Italos
1279 1306 1313 1335 et
1349 1302 1479 1347 Anglos
1513 1302 1662 1348 degeret.

217 1363 330 1412 'Erat
363 1368 479 1396 autem
514 1373 556 1396 ex
590 1361 709 1396 illustri
744 1361 898 1408 prosapia
932 1363 1113 1399 Scotorum
1147 1364 1322 1405 oriundus,
1362 1370 1436 1400 arte
1477 1372 1512 1400 et
1550 1366 1662 1401 Marte

247 1426 399 1460 similiter
427 1426 539 1460 clarus
568 1426 611 1460 ab
641 1425 868 1461 adolescentia
894 1427 973 1468 sua;
1008 1441 1088 1463 nam
1115 1441 1194 1463 cum
1223 1429 1400 1475 utriusque
1430 1429 1663 1476 philosophiae

247 1490 355 1525 studio
378 1490 428 1524 rei
451 1490 609 1524 militaris
638 1490 841 1525 exercitium
870 1491 1062 1537 copulabat.
1110 1493 1151 1527 In
1179 1492 1281 1528 sacris
1308 1499 1343 1528 et
1365 1493 1516 1540 profanis
1546 1495 1663 1533 literis,

246 1555 305 1588 sub
340 1555 470 1600 optimo
503 1559 726 1600 praeceptore
754 1555 962 1602 Amphibalo
989 1556 1130 1597 Culdeo,
1165 1562 1392 1592 conterraneo
1426 1557 1495 1597 suo,
1530 1559 1664 1593 erudie-

246 1620 374 1658 batur;
405 1630 483 1652 cum
517 1630 586 1664 quo
615 1618 763 1653 Romam
792 1619 901 1665 petiit,
937 1619 997 1654 ubi
1030 1619 1090 1655 sub
1124 1619 1342 1655 Diocletiano
1383 1620 1523 1655 tribimo
1556 1620 1664 1667 spatio

247 1682 375 1728 septem
405 1694 574 1716 annorum
604 1682 775 1717 militarit.
836 1683 1006 1718 Reversus
1036 1684 1175 1719 demum
1205 1684 1241 1718 in
1270 1684 1489 1719 Britanniam
1524 1685 1665 1719 Verola-

249 1747 308 1780 mii
335 1746 487 1781 substitit.
531 1747 572 1780 Iu
595 1746 829 1792 persecutione
855 1747 914 1783 illa
939 1747 1166 1783 crudeliffima
1191 1749 1252 1783 sub
1276 1748 1492 1784 Diocletiano
1515 1750 1666 1796 Impera-

248 1817 332 1847 tore.
363 1822 440 1845 eum
468 1810 675 1856 intelligeret
706 1811 951 1857 Amphibalum
986 1818 1246 1859 praeceptorem
1276 1812 1373 1847 suum
1401 1825 1464 1860 pro
1498 1815 1666 1860 evangelii

249 1874 502 1920 praedicatione
529 1874 573 1908 ad
600 1879 747 1908 mortem
774 1873 961 1921 quaesitum
987 1875 1092 1916 finire,
1118 1877 1178 1911 sub
1207 1877 1278 1923 ejus
1305 1877 1436 1912 annom
1464 1877 1667 1923 inquisitori-

250 1940 313 1972 bus
336 1938 368 1972 se
392 1938 517 1973 obtulit
541 1938 704 1978 Albanus,
730 1939 787 1984 qui
811 1940 993 1975 tormentis
1016 1941 1220 1987 exagitatus,
1243 1941 1351 1976 securi
1374 1942 1513 1976 tandem
1536 1947 1667 1988 martyr

249 2002 448 2048 percutitur.
505 2002 585 2036 Fuit
609 2002 724 2048 itaque
751 2002 843 2037 illius
866 2003 992 2039 intulae
1020 2010 1261 2052 protomartyr,
1288 2005 1447 2052 locusque
1473 2006 1507 2040 in
1533 2006 1668 2040 hodier-

250 2079 333 2101 num
361 2066 465 2112 usque
496 2066 586 2100 diem
617 2067 742 2101 Albani
770 2067 903 2102 Fanum
934 2074 1177 2115 nuncupatum
1208 2075 1245 2104 ut
1276 2070 1456 2109 Barouius,
1484 2069 1666 2109 Usuardus,

250 2131 432 2166 Notkerus.
459 2131 678 2171 Fortunatus,
700 2131 917 2171 Trithemius‚
942 2133 1158 2167 Breviarium
1181 2133 1457 2174 Ecclefiasticum‚
1476 2134 1667 2180 Dempster-

250 2207 297 2230 us,
317 2202 351 2229 et
376 2195 432 2230 alii
451 2194 551 2230 multi
569 2195 744 2230 testantur.
793 2195 1029 2230 Hartmanuus
1048 2197 1152 2231 etiam
1170 2198 1281 2232 canit:

640 2280 731 2306 Scotia
746 2279 772 2306 se
787 2280 897 2307 Albano
911 2280 1019 2307 felicem
1033 2286 1152 2317 martyre
1165 2282 1273 2313 clamat,

678 2333 801 2362 Victima
815 2334 861 2370 qui
877 2334 986 2362 Christo
1000 2335 1088 2372 prima
1102 2335 1237 2363 Britanna
1250 2336 1311 2363 fuit.
