1913 2692
641 225 702 254 DE
728 224 1060 256 SCRIPTORIBUS
1085 225 1247 256 SCOTIS.
1606 232 1643 270 71

629 393 692 428 DE
719 393 902 428 DAVIDE
928 394 1247 431 PRESBYTERO.

234 507 361 540 DAVID
388 506 619 545 Pnasnrrnn,
645 518 666 540 a
688 505 862 540 nonnullis
888 506 999 541 David
1025 507 1148 542 Scotus
1174 509 1296 549 dicius,
1323 515 1397 545 erat
1420 510 1511 545 enim
1537 511 1647 557 primo

232 570 463 617 ludimagister
492 569 695 617 Virceburgi
720 570 812 616 apud
839 570 959 605 Scotos
984 572 1170 606 monachos
1200 572 1235 607 in
1266 575 1431 609 coenobio
1461 575 1494 609 S.
1525 575 1647 610 Jacobi

232 633 467 680 Herbipolenfi
508 634 656 674 civitate,
698 634 813 680 postea
852 634 1003 669 Henrico
1046 635 1176 676 Quinto
1215 637 1415 684 imperatori
1450 651 1471 674 a
1508 639 1646 676 lacellis,

231 699 370 734 demum
399 698 574 745 episeopus
602 697 836 745 Bangorenfis,
864 699 1067 745 cognomine
1094 712 1134 735 ac
1164 701 1303 736 natione
1330 703 1461 743 Scotus,
1487 708 1527 738 ut
1557 704 1648 738 God-

232 764 309 803 win,
354 762 598 809 Urspe1·genfiS‚
634 763 769 803 Balens,
807 762 986 803 Gesnerus,
1021 763 1336 806 Malmelburienfis,
1376 772 1412 801 et
1450 767 1508 801 alii
1543 767 1646 802 etiam

231 839 350 861 omnes
378 827 540 867 fatentur,
572 826 652 861 licet
683 826 840 861 nonnulli
869 827 1037 861 Davidem
1068 828 1210 863 Scotum
1239 841 1259 863 a
1290 830 1421 865 Davide
1450 830 1647 877 presbytero

231 890 400 926 diversum
428 896 463 925 et
495 890 601 925 alium
631 889 696 925 esse
728 890 930 925 existiment.
998 891 1065 926 Hic
1092 892 1127 926 in
1157 893 1271 938 patria
1296 894 1410 928 schola
1439 895 1548 929 literis
1578 908 1647 929 me—

233 955 395 990 diocriter
433 955 573 995 tinctus,
613 954 835 1000 antiquorum
869 954 1149 1001 philosophorum
1182 957 1224 991 de
1263 969 1369 998 more,
1409 963 1443 992 et
1478 959 1645 993 bonarum

230 1020 409 1055 literarum
447 1031 573 1059 amore,
617 1019 820 1065 longinquas
862 1019 1019 1065 regiones
1061 1025 1096 1054 et
1137 1020 1252 1066 plures
1294 1022 1500 1057 Germaniae
1542 1028 1645 1069 atque

231 1084 364 1118 Galliae
391 1083 582 1118 academias
609 1083 814 1118 celebriores
841 1083 936 1118 adiit.
986 1084 1028 1118 In
1055 1084 1277 1120 Germaniam
1307 1086 1414 1132 igitur
1439 1087 1644 1133 {uper-iorem

229 1148 302 1194 post
329 1147 440 1182 varios
466 1148 501 1181 in
529 1159 566 1181 re
594 1147 746 1182 literaria
773 1147 912 1182 sudores
939 1148 1086 1188 devenit,
1113 1149 1173 1183 ubi
1199 1149 1431 1197 ludimagister
1457 1151 1500 1185 ad
1531 1151 1647 1186 Viree-

229 1212 432 1258 burgensem
475 1210 624 1246 scholam
668 1210 832 1258 insignem
873 1212 1060 1258 regendam
1102 1218 1243 1248 vocatus
1284 1214 1339 1249 est.
1411 1215 1534 1249 Paucis
1575 1216 1643 1261 poli

229 1276 328 1311 annis
358 1275 406 1310 ita
435 1276 527 1310 fama
561 1275 693 1313 claruit,
728 1281 767 1310 ut
801 1277 844 1310 ab
878 1275 1086 1322 imperat-ore
1121 1277 1272 1312 Henrico
1300 1278 1431 1318 Quinto
1462 1279 1496 1313 in
1531 1279 1643 1313 aulam

229 1339 403 1374 arceffitus
429 1338 480 1379 fit,
508 1339 608 1385 eique
632 1352 653 1374 a
680 1339 810 1374 sacellis
835 1346 870 1374 et
895 1353 916 1375 a
941 1339 1142 1375 confeflione
1165 1341 1300 1387 politus.
1353 1348 1371 1361 ‘⁶
1386 1343 1437 1377 Eo
1461 1346 1645 1389 tempores³

230 1410 268 1438 ut
287 1404 413 1438 Baleus
432 1403 548 1444 refert,
568 1403 763 1438 “Henricus
782 1404 931 1445 Quintus
953 1404 1141 1450 imperator
1163 1406 1199 1440 in
1222 1406 1359 1441 Italiam
1379 1408 1482 1441 rebus
1505 1408 1646 1453 agendis

231 1468 453 1515 proficiscens,
488 1469 521 1502 se
555 1480 624 1502 non
658 1467 766 1503 solum
799 1469 940 1503 armatis
977 1469 1153 1510 militibus,
1189 1470 1246 1504 sed
1286 1476 1321 1505 et
1354 1471 1474 1517 peritis
1509 1484 1645 1517 quoque

229 1533 310 1567 viris
339 1544 379 1566 ac
406 1532 552 1566 literatis
581 1532 777 1567 hominibus
806 1532 962 1573 munivit,
994 1538 1032 1567 ut
1065 1545 1128 1579 per
1158 1533 1246 1580 ipsos
1274 1534 1398 1582 cuique
1429 1535 1581 1581 poscenti
1611 1536 1644 1569 in

228 1597 320 1631 omni
343 1596 534 1631 eruditione
561 1596 731 1631 rationem
754 1597 943 1631 redderet.”
983 1603 1000 1615 ‘⁶
1015 1597 1056 1631 In
1083 1598 1254 1633 mandatis
1278 1599 1309 1633 ei
1333 1599 1473 1634 dederat
1500 1600 1644 1646 impera-

227 1663 310 1700 tor-‚³³
351 1660 461 1706 inquit
496 1660 732 1707 Urspergenfis
765 1662 871 1695 abbas
905 1661 1084 1696 Conradus
1112 1675 1133 1696 a
1166 1662 1364 1698 Lichtenaw
1397 1663 1432 1697 in
1466 1664 1644 1698 chronicis

230 1725 305 1763 suis,
332 1724 498 1758 “itineris
519 1724 569 1758 sui
595 1724 740 1765 cursum,
771 1737 887 1759 rerum
918 1725 953 1759 in
980 1738 1020 1760 eo
1046 1726 1216 1772 gestarum
1242 1727 1407 1767 ordinem,
1431 1728 1520 1762 facili
1551 1729 1643 1774 stylo.

229 1794 266 1823 ut
294 1790 337 1822 ab
363 1788 522 1823 omnibus
549 1788 810 1834 intelligeretur,
837 1788 1055 1824 deseribere.”
1106 1790 1153 1825 Et
1178 1791 1382 1826 Guilielmus
1409 1792 1644 1827 Malmelburi-

229 1852 322 1892 enfis,
347 1853 383 1886 in
403 1852 460 1886 lib.
479 1863 530 1886 lv.
555 1853 596 1886 de
620 1853 782 1899 Regibus,
801 1853 849 1887 ita
873 1854 1043 1900 loquitur:
1072 1854 1216 1889 “David
1242 1855 1374 1895 scotus,
1398 1856 1643 1892 Bancornenlis

229 1916 413 1963 episcopus,
446 1916 513 1950 iter
547 1916 699 1951 Caesaris
732 1918 776 1952 ad
810 1918 958 1952 Romam
988 1918 1152 1964 exposuit,
1183 1919 1275 1965 quod
1301 1921 1545 1967 panegyricum
1576 1922 1640 1956 dici

228 1981 364 2028 poterit,
393 1986 432 2015 ut
462 1980 497 2014 in
526 1980 673 2027 gratiam
701 1981 863 2028 principis
890 1982 998 2028 magis
1025 1995 1129 2028 quam
1155 1982 1352 2018 historicum
1379 1984 1516 2019 deceret
1543 1986 1641 2020 accli-

226 2046 302 2080 vius
329 2045 532 2079 videretur.”
583 2045 761 2079 Conradus
791 2046 920 2080 otiam:
953 2046 1202 2092 “Simplicibus
1233 2053 1268 2081 et
1295 2048 1443 2083 indoffis
1473 2050 1639 2084 consuluit

227 2110 404 2145 historicus
432 2109 490 2144 iste
521 2109 556 2143 in
584 2109 811 2155 expeditionis
838 2122 940 2156 opere
966 2122 1028 2156 per
1054 2110 1217 2145 sermonis
1242 2112 1473 2154 rusticitatem,
1501 2126 1544 2148 ne
1571 2114 1641 2149 cui-

228 2186 332 2220 quam
359 2172 441 2208 ess'et·
472 2173 544 2219 ejus
572 2173 676 2208 lectio
705 2173 845 2219 gravis.'‘
896 2174 958 2208 Vir
988 2179 1062 2208 erat
1092 2175 1245 2209 omnium
1275 2176 1443 2211 virtutum
1473 2183 1507 2212 et
1536 2179 1641 2214 bona·

231 2250 308 2272 rum
346 2238 526 2272 literarum
558 2237 674 2272 studiis
716 2237 864 2283 impense
901 2238 1062 2279 deditus,⁴
1090 2239 1193 2280 mitis,
1227 2240 1381 2282 affabilis,
1408 2254 1550 2288 corpore
1586 2257 1641 2278 ve-

228 2302 333 2342 nusto,
362 2303 461 2337 vultu
487 2302 619 2341 decoro„
646 2302 799 2337 moribus
828 2303 1000 2344 candidus,
1029 2303 1101 2339 vita
1125 2304 1268 2351 integer,
1295 2306 1454 2342 omnibus
1479 2319 1578 2343 carus
1605 2314 1640 2343 ot
