<?xml version="1.0" encoding="UTF-8"?>
<!DOCTYPE html PUBLIC "-//W3C//DTD XHTML 1.0 Transitional//EN"
    "http://www.w3.org/TR/xhtml1/DTD/xhtml1-transitional.dtd">
<html xmlns="http://www.w3.org/1999/xhtml" xml:lang="en" lang="en">
 <head>
  <title>
</title>
<meta http-equiv="Content-Type" content="text/html;charset=utf-8" />
  <meta name='ocr-system' content='tesseract 3.04.00' />
  <meta name='ocr-capabilities' content='ocr_page ocr_carea ocr_par ocr_line ocrx_word'/>
</head>
<body>
  <div class='ocr_page' id='page_1' title='image "./davidisbuchanani00bann_0086.png"; bbox 0 0 1913 2692; ppageno 0'>
   <div class='ocr_carea' id='block_1_1' title="bbox 273 218 1290 256">
    <p class='ocr_par' dir='ltr' id='par_1_1' title="bbox 273 218 1290 256">
     <span class='ocr_line' id='line_1_1' title="bbox 273 218 1290 256; baseline -0.009 0"><span class='ocrx_word' id='word_1_1' title='bbox 273 227 313 256; x_wconf 73' lang='lat'>64</span> <span class='ocrx_word' id='word_1_2' title='bbox 657 222 718 251; x_wconf 91' lang='lat' dir='ltr'>DE</span> <span class='ocrx_word' id='word_1_3' title='bbox 757 219 1089 252; x_wconf 80' lang='lat' dir='ltr'>SCRIPTORIBUS</span> <span class='ocrx_word' id='word_1_4' title='bbox 1128 218 1290 248; x_wconf 86' lang='lat' dir='ltr'>SCOTIS.</span> 
     </span>
    </p>
   </div>
   <div class='ocr_carea' id='block_1_2' title="bbox 271 306 1678 425">
    <p class='ocr_par' dir='ltr' id='par_1_2' title="bbox 271 306 1678 425">
     <span class='ocr_line' id='line_1_2' title="bbox 271 306 1678 358; baseline -0.008 -8"><span class='ocrx_word' id='word_1_5' title='bbox 271 320 405 350; x_wconf 86' lang='lat' dir='ltr'>teneret</span> <span class='ocrx_word' id='word_1_6' title='bbox 433 313 592 353; x_wconf 87' lang='lat' dir='ltr'>Achaius‚</span> <span class='ocrx_word' id='word_1_7' title='bbox 618 324 680 346; x_wconf 86' lang='lat' dir='ltr'>rex</span> <span class='ocrx_word' id='word_1_8' title='bbox 706 312 782 358; x_wconf 90' lang='lat' dir='ltr'>pius</span> <span class='ocrx_word' id='word_1_9' title='bbox 807 316 842 345; x_wconf 88' lang='lat' dir='ltr'>et</span> <span class='ocrx_word' id='word_1_10' title='bbox 867 310 1051 356; x_wconf 87' lang='lat' dir='ltr'>religiosus.</span> <span class='ocrx_word' id='word_1_11' title='bbox 1102 309 1203 343; x_wconf 87' lang='lat' dir='ltr'>Hunc</span> <span class='ocrx_word' id='word_1_12' title='bbox 1229 307 1410 342; x_wconf 89' lang='lat' dir='ltr'>Claudium</span> <span class='ocrx_word' id='word_1_13' title='bbox 1436 306 1527 341; x_wconf 87' lang='lat' dir='ltr'>Galli</span> <span class='ocrx_word' id='word_1_14' title='bbox 1553 306 1678 351; x_wconf 89' lang='lat' dir='ltr'>aliique</span> 
     </span>
     <span class='ocr_line' id='line_1_3' title="bbox 272 374 919 425; baseline -0.011 -11"><span class='ocrx_word' id='word_1_15' title='bbox 272 379 451 425; x_wconf 82' lang='lat' dir='ltr'>scriptores</span> <span class='ocrx_word' id='word_1_16' title='bbox 467 376 653 423; x_wconf 90' lang='lat' dir='ltr'>plurimum</span> <span class='ocrx_word' id='word_1_17' title='bbox 671 374 919 409; x_wconf 87' lang='lat' dir='ltr'>commendant.</span> 
     </span>
    </p>
   </div>
   <div class='ocr_carea' id='block_1_3' title="bbox 695 514 1259 550">
    <p class='ocr_par' dir='ltr' id='par_1_3' title="bbox 695 514 1259 550">
     <span class='ocr_line' id='line_1_4' title="bbox 695 514 1259 550; baseline -0.005 0"><span class='ocrx_word' id='word_1_18' title='bbox 695 517 758 550; x_wconf 93' lang='lat' dir='ltr'>DE</span> <span class='ocrx_word' id='word_1_19' title='bbox 782 515 967 550; x_wconf 79' lang='lat' dir='ltr'><strong>JOANNE</strong></span> <span class='ocrx_word' id='word_1_20' title='bbox 992 514 1259 548; x_wconf 76' lang='lat' dir='ltr'>MAILROSIO.</span> 
     </span>
    </p>
   </div>
   <div class='ocr_carea' id='block_1_4' title="bbox 273 624 1733 2257">
    <p class='ocr_par' dir='ltr' id='par_1_4' title="bbox 273 624 1733 2257">
     <span class='ocr_line' id='line_1_5' title="bbox 273 624 1681 668; baseline -0.007 -1"><span class='ocrx_word' id='word_1_21' title='bbox 273 635 442 668; x_wconf 80' lang='lat' dir='ltr'><strong>JOANNES</strong></span> <span class='ocrx_word' id='word_1_22' title='bbox 472 631 711 667; x_wconf 54' lang='lat' dir='ltr'>Mmmzosma</span> <span class='ocrx_word' id='word_1_23' title='bbox 737 627 925 662; x_wconf 85' lang='lat' dir='ltr'>monachus</span> <span class='ocrx_word' id='word_1_24' title='bbox 951 625 1079 660; x_wconf 80' lang='lat' dir='ltr'>ordinis</span> <span class='ocrx_word' id='word_1_25' title='bbox 1107 625 1140 659; x_wconf 86' lang='lat' dir='ltr'>S.</span> <span class='ocrx_word' id='word_1_26' title='bbox 1168 624 1358 663; x_wconf 69' lang='lat' dir='ltr'>Benediai‚</span> <span class='ocrx_word' id='word_1_27' title='bbox 1384 625 1499 658; x_wconf 87' lang='lat' dir='ltr'>Bedae</span> <span class='ocrx_word' id='word_1_28' title='bbox 1524 624 1681 659; x_wconf 82' lang='lat' dir='ltr'>monachi</span> 
     </span>
     <span class='ocr_line' id='line_1_6' title="bbox 274 688 1682 737; baseline -0.006 -6"><span class='ocrx_word' id='word_1_29' title='bbox 274 703 308 732; x_wconf 95' lang='lat' dir='ltr'>et</span> <span class='ocrx_word' id='word_1_30' title='bbox 342 695 493 730; x_wconf 64' lang='lat' dir='ltr'>do&amp;oris</span> <span class='ocrx_word' id='word_1_31' title='bbox 527 692 695 728; x_wconf 82' lang='lat' dir='ltr'>elariffimi</span> <span class='ocrx_word' id='word_1_32' title='bbox 734 691 905 737; x_wconf 89' lang='lat' dir='ltr'>quondam</span> <span class='ocrx_word' id='word_1_33' title='bbox 940 689 1075 724; x_wconf 82' lang='lat' dir='ltr'><strong>auditor</strong></span> <span class='ocrx_word' id='word_1_34' title='bbox 1108 694 1212 734; x_wconf 91' lang='lat' dir='ltr'>atque</span> <span class='ocrx_word' id='word_1_35' title='bbox 1249 688 1440 734; x_wconf 79' lang='lat' dir='ltr'>discipulus,</span> <span class='ocrx_word' id='word_1_36' title='bbox 1475 688 1612 723; x_wconf 86' lang='lat' dir='ltr'>natione</span> <span class='ocrx_word' id='word_1_37' title='bbox 1648 694 1682 722; x_wconf 90' lang='lat' dir='ltr'>et</span> 
     </span>
     <span class='ocr_line' id='line_1_7' title="bbox 275 751 1684 806; baseline -0.007 -11"><span class='ocrx_word' id='word_1_38' title='bbox 275 759 475 806; x_wconf 81' lang='lat' dir='ltr'>cognomine</span> <span class='ocrx_word' id='word_1_39' title='bbox 503 757 634 795; x_wconf 82' lang='lat' dir='ltr'>Scotus,</span> <span class='ocrx_word' id='word_1_40' title='bbox 665 760 703 789; x_wconf 89' lang='lat' dir='ltr'>ut</span> <span class='ocrx_word' id='word_1_41' title='bbox 733 754 948 793; x_wconf 84' lang='lat' dir='ltr'>Trithemius,</span> <span class='ocrx_word' id='word_1_42' title='bbox 984 753 1103 799; x_wconf 79' lang='lat' dir='ltr'>Major,</span> <span class='ocrx_word' id='word_1_43' title='bbox 1134 751 1296 791; x_wconf 86' lang='lat' dir='ltr'>Lessaeus,</span> <span class='ocrx_word' id='word_1_44' title='bbox 1329 752 1463 792; x_wconf 86' lang='lat' dir='ltr'>Baleus‚</span> <span class='ocrx_word' id='word_1_45' title='bbox 1499 758 1533 786; x_wconf 91' lang='lat' dir='ltr'>et</span> <span class='ocrx_word' id='word_1_46' title='bbox 1567 765 1684 786; x_wconf 87' lang='lat' dir='ltr'>omnes</span> 
     </span>
     <span class='ocr_line' id='line_1_8' title="bbox 275 816 1685 862; baseline -0.006 -4"><span class='ocrx_word' id='word_1_47' title='bbox 275 824 345 858; x_wconf 88' lang='lat' dir='ltr'>fere</span> <span class='ocrx_word' id='word_1_48' title='bbox 371 820 596 857; x_wconf 82' lang='lat' dir='ltr'>consentiunt.</span> <span class='ocrx_word' id='word_1_49' title='bbox 647 819 692 853; x_wconf 86' lang='lat' dir='ltr'>Et</span> <span class='ocrx_word' id='word_1_50' title='bbox 716 818 838 857; x_wconf 91' lang='lat' dir='ltr'>Uvion,</span> <span class='ocrx_word' id='word_1_51' title='bbox 866 817 923 851; x_wconf 90' lang='lat' dir='ltr'>lib.</span> <span class='ocrx_word' id='word_1_52' title='bbox 947 827 983 850; x_wconf 88' lang='lat' dir='ltr'>v.</span> <span class='ocrx_word' id='word_1_53' title='bbox 1007 829 1078 862; x_wconf 86' lang='lat' dir='ltr'>cap.</span> <span class='ocrx_word' id='word_1_54' title='bbox 1107 826 1192 850; x_wconf 80' lang='lat' dir='ltr'>xcv.</span> <span class='ocrx_word' id='word_1_55' title='bbox 1217 816 1258 850; x_wconf 90' lang='lat' dir='ltr'>D.</span> <span class='ocrx_word' id='word_1_56' title='bbox 1283 816 1434 850; x_wconf 84' lang='lat' dir='ltr'>Joannes</span> <span class='ocrx_word' id='word_1_57' title='bbox 1458 816 1588 856; x_wconf 85' lang='lat' dir='ltr'>Scotus,</span> <span class='ocrx_word' id='word_1_58' title='bbox 1615 816 1685 850; x_wconf 86' lang='lat' dir='ltr'>dia-</span> 
     </span>
     <span class='ocr_line' id='line_1_9' title="bbox 276 878 1683 925; baseline -0.006 -4"><span class='ocrx_word' id='word_1_59' title='bbox 276 898 381 921; x_wconf 87' lang='lat' dir='ltr'>conus</span> <span class='ocrx_word' id='word_1_60' title='bbox 401 890 436 919; x_wconf 91' lang='lat' dir='ltr'>et</span> <span class='ocrx_word' id='word_1_61' title='bbox 457 885 587 923; x_wconf 67' lang='lat' dir='ltr'>doctor,</span> <span class='ocrx_word' id='word_1_62' title='bbox 609 887 644 917; x_wconf 90' lang='lat' dir='ltr'>et</span> <span class='ocrx_word' id='word_1_63' title='bbox 667 881 872 916; x_wconf 82' lang='lat' dir='ltr'>Academiae</span> <span class='ocrx_word' id='word_1_64' title='bbox 897 879 1087 914; x_wconf 87' lang='lat' dir='ltr'>Parifienfis</span> <span class='ocrx_word' id='word_1_65' title='bbox 1109 880 1280 914; x_wconf 89' lang='lat' dir='ltr'>fundator.</span> <span class='ocrx_word' id='word_1_66' title='bbox 1324 880 1411 913; x_wconf 90' lang='lat' dir='ltr'>Item</span> <span class='ocrx_word' id='word_1_67' title='bbox 1435 878 1631 914; x_wconf 85' lang='lat' dir='ltr'>Poffevinus</span> <span class='ocrx_word' id='word_1_68' title='bbox 1653 893 1683 925; x_wconf 86' lang='lat' dir='ltr'>p.</span> 
     </span>
     <span class='ocr_line' id='line_1_10' title="bbox 276 943 1683 991; baseline -0.004 -8"><span class='ocrx_word' id='word_1_69' title='bbox 276 951 356 983; x_wconf 81' lang='lat'>215.</span> <span class='ocrx_word' id='word_1_70' title='bbox 379 949 539 987; x_wconf 84' lang='lat' dir='ltr'>Joannes,</span> <span class='ocrx_word' id='word_1_71' title='bbox 566 945 687 991; x_wconf 84' lang='lat' dir='ltr'>inquit,</span> <span class='ocrx_word' id='word_1_72' title='bbox 713 943 903 978; x_wconf 91' lang='lat' dir='ltr'>Mailrofius</span> <span class='ocrx_word' id='word_1_73' title='bbox 934 948 1160 989; x_wconf 88' lang='lat' dir='ltr'>cognomento</span> <span class='ocrx_word' id='word_1_74' title='bbox 1183 955 1223 977; x_wconf 89' lang='lat' dir='ltr'>ac</span> <span class='ocrx_word' id='word_1_75' title='bbox 1246 943 1383 978; x_wconf 87' lang='lat' dir='ltr'>natione</span> <span class='ocrx_word' id='word_1_76' title='bbox 1409 943 1539 977; x_wconf 77' lang='lat' dir='ltr'>scotus.</span> <span class='ocrx_word' id='word_1_77' title='bbox 1591 944 1683 977; x_wconf 85' lang='lat' dir='ltr'>Idem</span> 
     </span>
     <span class='ocr_line' id='line_1_11' title="bbox 277 1006 1687 1059; baseline -0.005 -12"><span class='ocrx_word' id='word_1_78' title='bbox 277 1013 377 1059; x_wconf 89' lang='lat' dir='ltr'>plane</span> <span class='ocrx_word' id='word_1_79' title='bbox 407 1012 512 1045; x_wconf 85' lang='lat' dir='ltr'><strong>refert</strong></span> <span class='ocrx_word' id='word_1_80' title='bbox 542 1009 722 1044; x_wconf 88' lang='lat' dir='ltr'>Gesnerus.</span> <span class='ocrx_word' id='word_1_81' title='bbox 773 1007 913 1053; x_wconf 79' lang='lat' dir='ltr'>Collega</span> <span class='ocrx_word' id='word_1_82' title='bbox 943 1006 1069 1045; x_wconf 91' lang='lat' dir='ltr'>Albini,</span> <span class='ocrx_word' id='word_1_83' title='bbox 1100 1011 1138 1040; x_wconf 91' lang='lat' dir='ltr'>ut</span> <span class='ocrx_word' id='word_1_84' title='bbox 1168 1006 1272 1040; x_wconf 87' lang='lat' dir='ltr'>habet</span> <span class='ocrx_word' id='word_1_85' title='bbox 1302 1006 1518 1046; x_wconf 88' lang='lat' dir='ltr'>Trithemius,</span> <span class='ocrx_word' id='word_1_86' title='bbox 1549 1006 1687 1041; x_wconf 87' lang='lat' dir='ltr'>veniens</span> 
     </span>
     <span class='ocr_line' id='line_1_12' title="bbox 277 1069 1686 1116; baseline -0.004 -6"><span class='ocrx_word' id='word_1_87' title='bbox 277 1087 355 1110; x_wconf 89' lang='lat' dir='ltr'>cum</span> <span class='ocrx_word' id='word_1_88' title='bbox 379 1087 419 1109; x_wconf 91' lang='lat' dir='ltr'>eo</span> <span class='ocrx_word' id='word_1_89' title='bbox 443 1075 484 1108; x_wconf 90' lang='lat' dir='ltr'>de</span> <span class='ocrx_word' id='word_1_90' title='bbox 507 1072 688 1107; x_wconf 75' lang='lat' dir='ltr'>Britannia</span> <span class='ocrx_word' id='word_1_91' title='bbox 713 1071 748 1105; x_wconf 91' lang='lat' dir='ltr'>in</span> <span class='ocrx_word' id='word_1_92' title='bbox 772 1070 929 1109; x_wconf 83' lang='lat' dir='ltr'>Galliam,</span> <span class='ocrx_word' id='word_1_93' title='bbox 956 1069 1047 1115; x_wconf 86' lang='lat' dir='ltr'>apud</span> <span class='ocrx_word' id='word_1_94' title='bbox 1070 1070 1231 1104; x_wconf 76' lang='lat' dir='ltr'>carolum</span> <span class='ocrx_word' id='word_1_95' title='bbox 1257 1070 1499 1115; x_wconf 81' lang='lat' dir='ltr'>imperatorem</span> <span class='ocrx_word' id='word_1_96' title='bbox 1523 1070 1686 1116; x_wconf 87' lang='lat' dir='ltr'>Magnum</span> 
     </span>
     <span class='ocr_line' id='line_1_13' title="bbox 278 1132 1687 1185; baseline -0.004 -12"><span class='ocrx_word' id='word_1_97' title='bbox 278 1140 313 1173; x_wconf 89' lang='lat' dir='ltr'>in</span> <span class='ocrx_word' id='word_1_98' title='bbox 341 1138 451 1185; x_wconf 90' lang='lat' dir='ltr'>pretio</span> <span class='ocrx_word' id='word_1_99' title='bbox 478 1137 552 1171; x_wconf 84' lang='lat' dir='ltr'>fuit.</span> <span class='ocrx_word' id='word_1_100' title='bbox 604 1136 671 1176; x_wconf 83' lang='lat' dir='ltr'>Qui</span> <span class='ocrx_word' id='word_1_101' title='bbox 701 1147 779 1170; x_wconf 87' lang='lat' dir='ltr'>cum</span> <span class='ocrx_word' id='word_1_102' title='bbox 807 1133 888 1168; x_wconf 84' lang='lat' dir='ltr'>effet</span> <span class='ocrx_word' id='word_1_103' title='bbox 917 1132 1093 1177; x_wconf 90' lang='lat' dir='ltr'>utriusque</span> <span class='ocrx_word' id='word_1_104' title='bbox 1122 1133 1267 1178; x_wconf 83' lang='lat' dir='ltr'>linguae,</span> <span class='ocrx_word' id='word_1_105' title='bbox 1292 1133 1443 1168; x_wconf 82' lang='lat' dir='ltr'>Graecae</span> <span class='ocrx_word' id='word_1_106' title='bbox 1468 1133 1687 1179; x_wconf 84' lang='lat' dir='ltr'>Latinaeque,</span> 
     </span>
     <span class='ocr_line' id='line_1_14' title="bbox 279 1196 1688 1248; baseline -0.004 -12"><span class='ocrx_word' id='word_1_107' title='bbox 279 1200 504 1248; x_wconf 87' lang='lat' dir='ltr'>peritissimus‚</span> <span class='ocrx_word' id='word_1_108' title='bbox 534 1200 683 1246; x_wconf 89' lang='lat' dir='ltr'>primum</span> <span class='ocrx_word' id='word_1_109' title='bbox 713 1198 875 1244; x_wconf 75' lang='lat' dir='ltr'>adjun6t0</span> <span class='ocrx_word' id='word_1_110' title='bbox 901 1196 963 1231; x_wconf 83' lang='lat' dir='ltr'>fibi</span> <span class='ocrx_word' id='word_1_111' title='bbox 993 1196 1136 1231; x_wconf 89' lang='lat' dir='ltr'>Claudio</span> <span class='ocrx_word' id='word_1_112' title='bbox 1166 1196 1351 1236; x_wconf 68' lang='lat' dir='ltr'>Clemente,</span> <span class='ocrx_word' id='word_1_113' title='bbox 1381 1202 1604 1231; x_wconf 85' lang='lat' dir='ltr'>conterraneo</span> <span class='ocrx_word' id='word_1_114' title='bbox 1629 1197 1688 1231; x_wconf 90' lang='lat' dir='ltr'>suo</span> 
     </span>
     <span class='ocr_line' id='line_1_15' title="bbox 279 1259 1690 1310; baseline -0.004 -11"><span class='ocrx_word' id='word_1_115' title='bbox 279 1270 314 1300; x_wconf 89' lang='lat' dir='ltr'>et</span> <span class='ocrx_word' id='word_1_116' title='bbox 340 1264 414 1310; x_wconf 88' lang='lat' dir='ltr'>pari</span> <span class='ocrx_word' id='word_1_117' title='bbox 442 1263 600 1298; x_wconf 69' lang='lat' dir='ltr'>doarina</span> <span class='ocrx_word' id='word_1_118' title='bbox 627 1262 709 1301; x_wconf 87' lang='lat' dir='ltr'>viro,</span> <span class='ocrx_word' id='word_1_119' title='bbox 738 1261 851 1306; x_wconf 87' lang='lat' dir='ltr'>postea</span> <span class='ocrx_word' id='word_1_120' title='bbox 881 1259 1026 1294; x_wconf 83' lang='lat' dir='ltr'>Alcuino</span> <span class='ocrx_word' id='word_1_121' title='bbox 1057 1264 1091 1293; x_wconf 90' lang='lat' dir='ltr'>et</span> <span class='ocrx_word' id='word_1_122' title='bbox 1119 1259 1271 1298; x_wconf 87' lang='lat' dir='ltr'>Rabano‚</span> <span class='ocrx_word' id='word_1_123' title='bbox 1299 1259 1334 1293; x_wconf 93' lang='lat' dir='ltr'>in</span> <span class='ocrx_word' id='word_1_124' title='bbox 1362 1260 1500 1299; x_wconf 87' lang='lat' dir='ltr'>Gallias,</span> <span class='ocrx_word' id='word_1_125' title='bbox 1527 1265 1565 1294; x_wconf 89' lang='lat' dir='ltr'>ut</span> <span class='ocrx_word' id='word_1_126' title='bbox 1590 1260 1690 1306; x_wconf 89' lang='lat' dir='ltr'>supra</span> 
     </span>
     <span class='ocr_line' id='line_1_16' title="bbox 280 1323 1690 1369; baseline -0.004 -6"><span class='ocrx_word' id='word_1_127' title='bbox 280 1329 421 1367; x_wconf 60' lang='lat' dir='ltr'>dietum,</span> <span class='ocrx_word' id='word_1_128' title='bbox 451 1325 694 1365; x_wconf 81' lang='lat' dir='ltr'>transfretavit,</span> <span class='ocrx_word' id='word_1_129' title='bbox 724 1324 783 1358; x_wconf 90' lang='lat' dir='ltr'>ubi</span> <span class='ocrx_word' id='word_1_130' title='bbox 809 1323 1017 1358; x_wconf 81' lang='lat' dir='ltr'>auditorium</span> <span class='ocrx_word' id='word_1_131' title='bbox 1045 1323 1242 1369; x_wconf 85' lang='lat' dir='ltr'>percelebre</span> <span class='ocrx_word' id='word_1_132' title='bbox 1270 1334 1313 1356; x_wconf 82' lang='lat' dir='ltr'>ex</span> <span class='ocrx_word' id='word_1_133' title='bbox 1341 1323 1455 1357; x_wconf 88' lang='lat' dir='ltr'>Caroli</span> <span class='ocrx_word' id='word_1_134' title='bbox 1480 1323 1570 1369; x_wconf 85' lang='lat' dir='ltr'>regis</span> <span class='ocrx_word' id='word_1_135' title='bbox 1596 1335 1690 1358; x_wconf 90' lang='lat' dir='ltr'>man-</span> 
     </span>
     <span class='ocr_line' id='line_1_17' title="bbox 281 1386 1691 1433; baseline -0.001 -9"><span class='ocrx_word' id='word_1_136' title='bbox 281 1391 361 1425; x_wconf 89' lang='lat' dir='ltr'>dato</span> <span class='ocrx_word' id='word_1_137' title='bbox 397 1389 608 1424; x_wconf 86' lang='lat' dir='ltr'>ordinarunt.</span> <span class='ocrx_word' id='word_1_138' title='bbox 669 1387 722 1422; x_wconf 92' lang='lat' dir='ltr'>De</span> <span class='ocrx_word' id='word_1_139' title='bbox 762 1387 826 1420; x_wconf 89' lang='lat' dir='ltr'>hoc</span> <span class='ocrx_word' id='word_1_140' title='bbox 859 1386 994 1420; x_wconf 86' lang='lat' dir='ltr'>Joanne</span> <span class='ocrx_word' id='word_1_141' title='bbox 1028 1386 1132 1420; x_wconf 84' lang='lat' dir='ltr'>refert</span> <span class='ocrx_word' id='word_1_142' title='bbox 1167 1386 1338 1420; x_wconf 87' lang='lat' dir='ltr'>Antonius</span> <span class='ocrx_word' id='word_1_143' title='bbox 1372 1386 1567 1421; x_wconf 76' lang='lat' dir='ltr'>Poffevinus</span> <span class='ocrx_word' id='word_1_144' title='bbox 1600 1389 1691 1433; x_wconf 87' lang='lat' dir='ltr'>quod</span> 
     </span>
     <span class='ocr_line' id='line_1_18' title="bbox 281 1449 1693 1498; baseline -0.001 -10"><span class='ocrx_word' id='word_1_145' title='bbox 281 1453 446 1488; x_wconf 87' lang='lat' dir='ltr'>Romanis</span> <span class='ocrx_word' id='word_1_146' title='bbox 473 1451 689 1498; x_wconf 87' lang='lat' dir='ltr'>displicuerit,</span> <span class='ocrx_word' id='word_1_147' title='bbox 718 1450 879 1496; x_wconf 87' lang='lat' dir='ltr'>quoniam</span> <span class='ocrx_word' id='word_1_148' title='bbox 909 1449 1049 1484; x_wconf 85' lang='lat' dir='ltr'>Graecis</span> <span class='ocrx_word' id='word_1_149' title='bbox 1080 1450 1268 1484; x_wconf 86' lang='lat' dir='ltr'>adhaerens</span> <span class='ocrx_word' id='word_1_150' title='bbox 1293 1450 1327 1484; x_wconf 91' lang='lat' dir='ltr'>in</span> <span class='ocrx_word' id='word_1_151' title='bbox 1355 1450 1513 1495; x_wconf 90' lang='lat' dir='ltr'>opinione</span> <span class='ocrx_word' id='word_1_152' title='bbox 1543 1451 1585 1485; x_wconf 91' lang='lat' dir='ltr'>de</span> <span class='ocrx_word' id='word_1_153' title='bbox 1615 1451 1693 1486; x_wconf 85' lang='lat' dir='ltr'>Paf-</span> 
     </span>
     <span class='ocr_line' id='line_1_19' title="bbox 283 1512 1692 1560; baseline -0.002 -9"><span class='ocrx_word' id='word_1_154' title='bbox 283 1517 391 1551; x_wconf 88' lang='lat' dir='ltr'>chatis</span> <span class='ocrx_word' id='word_1_155' title='bbox 417 1515 655 1554; x_wconf 82' lang='lat' dir='ltr'>celebratione,</span> <span class='ocrx_word' id='word_1_156' title='bbox 689 1514 890 1560; x_wconf 88' lang='lat' dir='ltr'>pontificum</span> <span class='ocrx_word' id='word_1_157' title='bbox 915 1513 1076 1558; x_wconf 84' lang='lat' dir='ltr'>dogmata</span> <span class='ocrx_word' id='word_1_158' title='bbox 1101 1512 1313 1558; x_wconf 87' lang='lat' dir='ltr'>improbarit.</span> <span class='ocrx_word' id='word_1_159' title='bbox 1375 1513 1437 1547; x_wconf 92' lang='lat' dir='ltr'>Vir</span> <span class='ocrx_word' id='word_1_160' title='bbox 1462 1519 1536 1548; x_wconf 86' lang='lat' dir='ltr'>erat</span> <span class='ocrx_word' id='word_1_161' title='bbox 1566 1515 1601 1548; x_wconf 91' lang='lat' dir='ltr'>in</span> <span class='ocrx_word' id='word_1_162' title='bbox 1631 1515 1692 1548; x_wconf 90' lang='lat' dir='ltr'>hu-</span> 
     </span>
     <span class='ocr_line' id='line_1_20' title="bbox 283 1575 1693 1621; baseline -0.001 -7"><span class='ocrx_word' id='word_1_163' title='bbox 283 1580 436 1614; x_wconf 89' lang='lat' dir='ltr'>maniore</span> <span class='ocrx_word' id='word_1_164' title='bbox 454 1579 633 1613; x_wconf 83' lang='lat' dir='ltr'>literatura</span> <span class='ocrx_word' id='word_1_165' title='bbox 651 1576 857 1616; x_wconf 72' lang='lat' dir='ltr'>custiffimus,</span> <span class='ocrx_word' id='word_1_166' title='bbox 876 1576 944 1621; x_wconf 92' lang='lat' dir='ltr'>qui,</span> <span class='ocrx_word' id='word_1_167' title='bbox 963 1575 1117 1610; x_wconf 86' lang='lat' dir='ltr'>oratione</span> <span class='ocrx_word' id='word_1_168' title='bbox 1142 1580 1217 1609; x_wconf 89' lang='lat' dir='ltr'>tum</span> <span class='ocrx_word' id='word_1_169' title='bbox 1242 1576 1367 1615; x_wconf 66' lang='lat' dir='ltr'>stri&amp;a‚</span> <span class='ocrx_word' id='word_1_170' title='bbox 1386 1582 1460 1610; x_wconf 90' lang='lat' dir='ltr'>tum</span> <span class='ocrx_word' id='word_1_171' title='bbox 1482 1576 1600 1617; x_wconf 87' lang='lat' dir='ltr'>soluta,</span> <span class='ocrx_word' id='word_1_172' title='bbox 1627 1579 1693 1612; x_wconf 92' lang='lat' dir='ltr'>ele-</span> 
     </span>
     <span class='ocr_line' id='line_1_21' title="bbox 284 1637 1692 1689; baseline -0.001 -12"><span class='ocrx_word' id='word_1_173' title='bbox 284 1641 473 1689; x_wconf 87' lang='lat' dir='ltr'>gantisfime</span> <span class='ocrx_word' id='word_1_174' title='bbox 499 1642 609 1676; x_wconf 88' lang='lat' dir='ltr'>multa</span> <span class='ocrx_word' id='word_1_175' title='bbox 637 1640 787 1686; x_wconf 73' lang='lat' dir='ltr'>scripsit:</span> <span class='ocrx_word' id='word_1_176' title='bbox 819 1639 1051 1674; x_wconf 86' lang='lat' dir='ltr'>urbanitatem</span> <span class='ocrx_word' id='word_1_177' title='bbox 1078 1637 1182 1672; x_wconf 82' lang='lat' dir='ltr'>etiam</span> <span class='ocrx_word' id='word_1_178' title='bbox 1207 1650 1342 1673; x_wconf 90' lang='lat' dir='ltr'>morum</span> <span class='ocrx_word' id='word_1_179' title='bbox 1369 1646 1527 1674; x_wconf 79' lang='lat' dir='ltr'>accurate</span> <span class='ocrx_word' id='word_1_180' title='bbox 1556 1640 1586 1674; x_wconf 85' lang='lat' dir='ltr'>se</span> <span class='ocrx_word' id='word_1_181' title='bbox 1611 1641 1692 1676; x_wconf 89' lang='lat' dir='ltr'>scire</span> 
     </span>
     <span class='ocr_line' id='line_1_22' title="bbox 286 1694 1733 1750; baseline -0.001 -9"><span class='ocrx_word' id='word_1_182' title='bbox 286 1712 320 1741; x_wconf 92' lang='lat' dir='ltr'>et</span> <span class='ocrx_word' id='word_1_183' title='bbox 342 1706 426 1740; x_wconf 89' lang='lat' dir='ltr'>alios</span> <span class='ocrx_word' id='word_1_184' title='bbox 452 1706 574 1740; x_wconf 88' lang='lat' dir='ltr'>docere</span> <span class='ocrx_word' id='word_1_185' title='bbox 595 1703 685 1750; x_wconf 83' lang='lat' dir='ltr'>poffe</span> <span class='ocrx_word' id='word_1_186' title='bbox 707 1704 941 1750; x_wconf 89' lang='lat' dir='ltr'>profitebatur,</span> <span class='ocrx_word' id='word_1_187' title='bbox 965 1706 1066 1736; x_wconf 85' lang='lat' dir='ltr'>acuto</span> <span class='ocrx_word' id='word_1_188' title='bbox 1089 1706 1123 1736; x_wconf 88' lang='lat' dir='ltr'>et</span> <span class='ocrx_word' id='word_1_189' title='bbox 1152 1701 1266 1736; x_wconf 88' lang='lat' dir='ltr'>subtili</span> <span class='ocrx_word' id='word_1_190' title='bbox 1292 1702 1437 1748; x_wconf 78' lang='lat' dir='ltr'>ingenio,</span> <span class='ocrx_word' id='word_1_191' title='bbox 1462 1709 1565 1749; x_wconf 88' lang='lat' dir='ltr'>atque</span> <span class='ocrx_word' id='word_1_192' title='bbox 1588 1705 1631 1739; x_wconf 89' lang='lat' dir='ltr'>ad</span> <span class='ocrx_word' id='word_1_193' title='bbox 1655 1717 1693 1739; x_wconf 89' lang='lat' dir='ltr'>ea</span> <span class='ocrx_word' id='word_1_194' title='bbox 1725 1694 1733 1704; x_wconf 63' lang='lat'>⁸</span> 
     </span>
     <span class='ocr_line' id='line_1_23' title="bbox 287 1764 1695 1816; baseline -0.001 -12"><span class='ocrx_word' id='word_1_195' title='bbox 287 1782 373 1816; x_wconf 89' lang='lat' dir='ltr'>quae</span> <span class='ocrx_word' id='word_1_196' title='bbox 399 1769 598 1803; x_wconf 87' lang='lat' dir='ltr'>intendebat</span> <span class='ocrx_word' id='word_1_197' title='bbox 623 1767 894 1814; x_wconf 88' lang='lat' dir='ltr'>persuadendum</span> <span class='ocrx_word' id='word_1_198' title='bbox 920 1764 1202 1805; x_wconf 84' lang='lat' dir='ltr'>accommodato;</span> <span class='ocrx_word' id='word_1_199' title='bbox 1231 1765 1471 1811; x_wconf 86' lang='lat' dir='ltr'>philosophicis</span> <span class='ocrx_word' id='word_1_200' title='bbox 1500 1767 1615 1802; x_wconf 86' lang='lat' dir='ltr'>studiis</span> <span class='ocrx_word' id='word_1_201' title='bbox 1644 1768 1695 1802; x_wconf 91' lang='lat' dir='ltr'>us-</span> 
     </span>
     <span class='ocr_line' id='line_1_24' title="bbox 288 1828 1694 1878; baseline -0.001 -11"><span class='ocrx_word' id='word_1_202' title='bbox 288 1845 354 1878; x_wconf 86' lang='lat' dir='ltr'>que</span> <span class='ocrx_word' id='word_1_203' title='bbox 381 1832 425 1866; x_wconf 89' lang='lat' dir='ltr'>ad</span> <span class='ocrx_word' id='word_1_204' title='bbox 449 1831 594 1866; x_wconf 88' lang='lat' dir='ltr'>multam</span> <span class='ocrx_word' id='word_1_205' title='bbox 618 1835 767 1865; x_wconf 86' lang='lat' dir='ltr'>aetatem</span> <span class='ocrx_word' id='word_1_206' title='bbox 793 1834 887 1865; x_wconf 87' lang='lat' dir='ltr'>totus</span> <span class='ocrx_word' id='word_1_207' title='bbox 913 1828 1098 1867; x_wconf 81' lang='lat' dir='ltr'>immersus,</span> <span class='ocrx_word' id='word_1_208' title='bbox 1123 1839 1234 1873; x_wconf 88' lang='lat' dir='ltr'>neque</span> <span class='ocrx_word' id='word_1_209' title='bbox 1264 1828 1397 1863; x_wconf 85' lang='lat' dir='ltr'>interea</span> <span class='ocrx_word' id='word_1_210' title='bbox 1422 1829 1531 1864; x_wconf 82' lang='lat' dir='ltr'>sacras</span> <span class='ocrx_word' id='word_1_211' title='bbox 1556 1831 1694 1866; x_wconf 89' lang='lat' dir='ltr'>omnino</span> 
     </span>
     <span class='ocr_line' id='line_1_25' title="bbox 289 1891 1694 1942; baseline -0.001 -12"><span class='ocrx_word' id='word_1_212' title='bbox 289 1895 440 1942; x_wconf 86' lang='lat' dir='ltr'>neglexit</span> <span class='ocrx_word' id='word_1_213' title='bbox 463 1895 588 1934; x_wconf 84' lang='lat' dir='ltr'>literas,</span> <span class='ocrx_word' id='word_1_214' title='bbox 614 1894 683 1929; x_wconf 91' lang='lat' dir='ltr'>imo</span> <span class='ocrx_word' id='word_1_215' title='bbox 712 1893 871 1929; x_wconf 90' lang='lat' dir='ltr'>omnibus</span> <span class='ocrx_word' id='word_1_216' title='bbox 899 1891 982 1931; x_wconf 86' lang='lat' dir='ltr'>aliis,</span> <span class='ocrx_word' id='word_1_217' title='bbox 1015 1896 1054 1925; x_wconf 93' lang='lat' dir='ltr'>ut</span> <span class='ocrx_word' id='word_1_218' title='bbox 1084 1903 1146 1937; x_wconf 89' lang='lat' dir='ltr'>par</span> <span class='ocrx_word' id='word_1_219' title='bbox 1176 1897 1258 1931; x_wconf 83' lang='lat' dir='ltr'>erat,</span> <span class='ocrx_word' id='word_1_220' title='bbox 1287 1892 1487 1938; x_wconf 88' lang='lat' dir='ltr'>anteposuit.</span> <span class='ocrx_word' id='word_1_221' title='bbox 1538 1894 1694 1941; x_wconf 90' lang='lat' dir='ltr'>Denique</span> 
     </span>
     <span class='ocr_line' id='line_1_26' title="bbox 289 1954 1695 2004; baseline -0.001 -10"><span class='ocrx_word' id='word_1_222' title='bbox 289 1959 354 1994; x_wconf 91' lang='lat' dir='ltr'>five</span> <span class='ocrx_word' id='word_1_223' title='bbox 384 1958 560 1994; x_wconf 63' lang='lat' dir='ltr'>doctrinae</span> <span class='ocrx_word' id='word_1_224' title='bbox 589 1956 838 2004; x_wconf 88' lang='lat' dir='ltr'>praestantiam,</span> <span class='ocrx_word' id='word_1_225' title='bbox 867 1955 932 1990; x_wconf 90' lang='lat' dir='ltr'>five</span> <span class='ocrx_word' id='word_1_226' title='bbox 961 1954 1129 1989; x_wconf 86' lang='lat' dir='ltr'>virtutum</span> <span class='ocrx_word' id='word_1_227' title='bbox 1161 1955 1391 1995; x_wconf 84' lang='lat' dir='ltr'>eminentiam,</span> <span class='ocrx_word' id='word_1_228' title='bbox 1421 1969 1556 1991; x_wconf 91' lang='lat' dir='ltr'>morum</span> <span class='ocrx_word' id='word_1_229' title='bbox 1585 1959 1695 2003; x_wconf 87' lang='lat' dir='ltr'>gravi-</span> 
     </span>
     <span class='ocr_line' id='line_1_27' title="bbox 289 2015 1695 2067; baseline -0.001 -10"><span class='ocrx_word' id='word_1_230' title='bbox 289 2028 406 2063; x_wconf 85' lang='lat' dir='ltr'>tatem,</span> <span class='ocrx_word' id='word_1_231' title='bbox 434 2022 524 2056; x_wconf 89' lang='lat' dir='ltr'>vitae</span> <span class='ocrx_word' id='word_1_232' title='bbox 551 2015 793 2067; x_wconf 82' lang='lat' dir='ltr'>integritatem,</span> <span class='ocrx_word' id='word_1_233' title='bbox 818 2018 1021 2066; x_wconf 79' lang='lat' dir='ltr'>singularem</span> <span class='ocrx_word' id='word_1_234' title='bbox 1048 2017 1083 2052; x_wconf 87' lang='lat' dir='ltr'>in</span> <span class='ocrx_word' id='word_1_235' title='bbox 1108 2018 1211 2053; x_wconf 89' lang='lat' dir='ltr'>rebus</span> <span class='ocrx_word' id='word_1_236' title='bbox 1237 2019 1394 2065; x_wconf 87' lang='lat' dir='ltr'>gerendis</span> <span class='ocrx_word' id='word_1_237' title='bbox 1418 2020 1635 2065; x_wconf 87' lang='lat' dir='ltr'>prudentiam</span> <span class='ocrx_word' id='word_1_238' title='bbox 1661 2026 1695 2055; x_wconf 92' lang='lat' dir='ltr'>et</span> 
     </span>
     <span class='ocr_line' id='line_1_28' title="bbox 291 2081 1695 2131; baseline -0.001 -11"><span class='ocrx_word' id='word_1_239' title='bbox 291 2087 327 2120; x_wconf 91' lang='lat' dir='ltr'>in</span> <span class='ocrx_word' id='word_1_240' title='bbox 355 2084 501 2131; x_wconf 88' lang='lat' dir='ltr'>negotiis</span> <span class='ocrx_word' id='word_1_241' title='bbox 529 2082 749 2129; x_wconf 86' lang='lat' dir='ltr'>expediendis</span> <span class='ocrx_word' id='word_1_242' title='bbox 781 2081 1023 2117; x_wconf 85' lang='lat' dir='ltr'>dexteritatem</span> <span class='ocrx_word' id='word_1_243' title='bbox 1049 2081 1216 2127; x_wconf 89' lang='lat' dir='ltr'>respicias,</span> <span class='ocrx_word' id='word_1_244' title='bbox 1251 2087 1325 2117; x_wconf 86' lang='lat' dir='ltr'>erat</span> <span class='ocrx_word' id='word_1_245' title='bbox 1354 2095 1432 2117; x_wconf 87' lang='lat' dir='ltr'>cum</span> <span class='ocrx_word' id='word_1_246' title='bbox 1461 2084 1695 2128; x_wconf 87' lang='lat' dir='ltr'>praestantiffi-</span> 
     </span>
     <span class='ocr_line' id='line_1_29' title="bbox 292 2145 1695 2193; baseline -0.001 -9"><span class='ocrx_word' id='word_1_247' title='bbox 292 2150 356 2184; x_wconf 89' lang='lat' dir='ltr'>mis</span> <span class='ocrx_word' id='word_1_248' title='bbox 384 2149 744 2193; x_wconf 74' lang='lat' dir='ltr'>illorumtemporum</span> <span class='ocrx_word' id='word_1_249' title='bbox 770 2146 965 2181; x_wconf 88' lang='lat' dir='ltr'>hominibus</span> <span class='ocrx_word' id='word_1_250' title='bbox 991 2145 1115 2180; x_wconf 79' lang='lat' dir='ltr'>merito</span> <span class='ocrx_word' id='word_1_251' title='bbox 1142 2145 1398 2191; x_wconf 87' lang='lat' dir='ltr'>comparandus.</span> <span class='ocrx_word' id='word_1_252' title='bbox 1463 2146 1629 2192; x_wconf 85' lang='lat' dir='ltr'>Denique,</span> <span class='ocrx_word' id='word_1_253' title='bbox 1658 2153 1695 2182; x_wconf 90' lang='lat' dir='ltr'>ut</span> 
     </span>
     <span class='ocr_line' id='line_1_30' title="bbox 292 2208 1623 2257; baseline -0.003 -10"><span class='ocrx_word' id='word_1_254' title='bbox 292 2212 416 2246; x_wconf 84' lang='lat' dir='ltr'>futuris</span> <span class='ocrx_word' id='word_1_255' title='bbox 432 2211 550 2246; x_wconf 87' lang='lat' dir='ltr'>seculis</span> <span class='ocrx_word' id='word_1_256' title='bbox 567 2208 744 2257; x_wconf 86' lang='lat' dir='ltr'>prodeffet,</span> <span class='ocrx_word' id='word_1_257' title='bbox 762 2209 886 2255; x_wconf 89' lang='lat' dir='ltr'>scripto</span> <span class='ocrx_word' id='word_1_258' title='bbox 902 2208 1076 2249; x_wconf 87' lang='lat' dir='ltr'>commifit,</span> <span class='ocrx_word' id='word_1_259' title='bbox 1094 2213 1133 2243; x_wconf 90' lang='lat' dir='ltr'>ut</span> <span class='ocrx_word' id='word_1_260' title='bbox 1151 2209 1316 2243; x_wconf 87' lang='lat' dir='ltr'>Bostonus</span> <span class='ocrx_word' id='word_1_261' title='bbox 1333 2214 1368 2244; x_wconf 88' lang='lat' dir='ltr'>et</span> <span class='ocrx_word' id='word_1_262' title='bbox 1386 2209 1444 2243; x_wconf 91' lang='lat' dir='ltr'>alii</span> <span class='ocrx_word' id='word_1_263' title='bbox 1461 2209 1623 2244; x_wconf 81' lang='lat' dir='ltr'>referunt.</span> 
     </span>
    </p>
   </div>
  </div>
 </body>
</html>
