1913 2692
628 191 690 220 DE
726 189 1059 220 scmPTORIBth
1095 190 1258 220 sco‘r1s.
1622 194 1660 230 77

234 281 390 316 Lutetiae
415 281 509 320 obiit,
536 286 571 315 et
597 281 706 315 elatus
733 280 779 314 est
809 280 946 325 publico
970 280 1176 314 Pariliorum
1202 280 1308 319 lufftu,
1335 280 1486 326 sepultus
1518 282 1553 316 iu
1578 283 1656 317 fauo

235 345 409 385 Maturini,
452 344 618 389 inlbulpto
666 344 746 378 stixo
785 342 989 389 sepulchrali
1028 344 1219 384 astrolabio,
1262 344 1354 391 ligno
1401 345 1653 383 mathematico,

233 421 310 443 cum
329 409 382 444 his
398 408 547 444 obscuris
564 409 606 443 de
623 420 715 443 anno
731 407 846 443 obitus
863 407 1029 443 verfibus:

536 520 576 547 Μ.
591 519 695 547 Christi
708 519 751 547 bis
765 519 797 547 C.
812 523 909 555 quarto
923 519 995 547 deno
1009 523 1106 557 quater
1119 530 1201 553 anno,

536 574 580 601 De
592 573 757 601 Sacrobosco
771 573 899 600 discrevit
914 577 1038 610 tempora
1052 583 1152 605 ramus,

536 628 634 656 Gratia
647 628 692 655 cui
706 637 808 655 nomen
822 627 935 655 dederat
948 627 1043 655 divina
1056 627 1075 654 J
1076 637 1187 654 oannes.

230 730 275 765 Et
293 730 327 765 in
346 730 491 765 circuitu
509 730 678 777 sepulchri
694 730 810 764 ferunt
827 729 892 764 hoc
910 729 1054 775 sequens
1072 728 1140 775 legi
1156 729 1355 764 tetrasticon
1375 743 1382 763 :

532 834 577 861 De
592 833 756 861 Sacrobosco
771 832 818 870 qui
832 832 999 869 computista
1012 832 1031 859 J
1032 841 1136 859 oannes

530 887 666 924 Tempora
679 886 816 918 discrevit,
827 886 903 923 jacet
916 886 962 914 hjc
975 896 992 913 a
1005 890 1128 922 tempore
1141 889 1245 922 raptus.

531 940 666 977 Tempora
680 940 727 977 qui
741 940 871 977 sequeris,
886 949 992 968 memor
1005 944 1063 968 esto
1077 939 1151 977 quod
1164 939 1288 967 morieris
1300 950 1306 966 ε

531 994 561 1022 Si
574 995 658 1023 miser
671 1004 707 1027 es,
722 995 799 1032 plora
810 1006 816 1027 ς
830 995 964 1022 miserans
977 1003 1026 1030 pro
1039 1002 1093 1026 me,
1108 1002 1212 1030 precor,
1228 1002 1285 1020 ora.

711 1136 775 1170 DE
799 1135 824 1170 J
825 1135 985 1170 OANNE
1011 1134 1111 1171 DUN
1114 1134 1147 1169 S.

223 1248 393 1283 JOANNES
422 1247 536 1288 DUNs,
571 1252 799 1294 cognomento
829 1246 961 1288 Scotus,
991 1251 1026 1282 et
1057 1247 1191 1282 Doctor
1216 1245 1368 1287 subtilis,
1397 1246 1527 1282 ordinis
1558 1248 1640 1282 Fra-

223 1316 316 1345 trum
345 1310 529 1351 Minoi-um,
561 1310 736 1345 Guilielmi
767 1310 933 1346 Varronis
964 1311 1137 1357 quondam
1167 1309 1358 1356 discipulus,
1389 1310 1448 1357 qui
1480 1323 1501 1346 a
1530 1311 1643 1359 patria

222 1374 375 1409 -Joannes
400 1374 498 1409 Duns
527 1374 650 1409 Scotus
676 1373 791 1408 dietus
818 1374 886 1414 est;
915 1379 989 1409 erat
1019 1374 1109 1409 enim
1140 1374 1181 1408 de
1206 1374 1281 1408 vico
1308 1373 1414 1415 Duns,
1442 1375 1522 1410 06ὶο
1546 1374 1640 1409 mille

222 1437 367 1484 pastibus
395 1438 439 1472 ab
467 1438 593 1484 Anglia
619 1438 773 1473 distante.
825 1438 899 1472 Hoc
930 1443 1047 1473 autem
1076 1438 1248 1473 affirmant
1276 1450 1345 1472 non
1375 1443 1512 1473 tantum
1539 1438 1641 1485 scrip-

221 1507 312 1536 tores
338 1502 441 1537 nostri
468 1514 595 1542 omnes,
624 1502 681 1537 sed
708 1502 813 1537 etiam
844 1501 1057 1542 Heracletus,
1085 1500 1257 1535 Antonius
1282 1499 1490 1541 Poffevinus,
1516 1502 1641 1537 Petrus

220 1566 381 1606 Crinitus,
409 1567 537 1601 Paulus
561 1566 691 1607 Jovius,
729 1567 847 1602 Sixtus
878 1565 1041 1605 Senensis,
1068 1565 1273 1603 Antoninus,
1300 1565 1518 1605 Trithemius‚
1544 1565 1641 1600 Flor-

219 1630 364 1670 entinus,
403 1630 580 1666 Gilbertus
618 1631 870 1671 Genebrardus,
908 1628 1162 1668 ‚Jamblacenfis‚
1202 1628 1400 1663 Franciscus
1434 1629 1476 1663 de
1510 1629 1638 1675 Petigi-

219 1693 302 1733 anis,
335 1694 482 1740 denique
516 1694 820 1729 Franciscanorum
854 1700 889 1729 et
923 1692 1229 1727 Dominicanorum
1262 1692 1541 1738 chronographi3
1579 1693 1637 1738 qui

219 1768 338 1791 omnes
371 1758 414 1792 ab
447 1757 575 1804 ingenii
604 1758 760 1792 acumine
790 1757 949 1792 subtilem
982 1756 1220 1803 pronunciant,
1256 1761 1290 1790 et
1324 1756 1466 1790 Scotum
1498 1756 1637 1792 natione

220 1821 407 1867 divulgant.
474 1821 616 1868 Insuper
652 1822 738 1868 lapis
776 1822 811 1856 in
850 1821 1021 1856 mausoleo
1059 1820 1153 1854 Scoti
1196 1824 1357 1854 exaratus
1396 1820 1525 1855 indicat
1566 1821 1638 1866 ejus

219 1885 388 1931 patriam:
424 1891 443 1904 “
457 1885 572 1920 Scotia
601 1897 656 1920 me
685 1885 814 1932 genuit,
843 1885 969 1932 Anglia
995 1897 1050 1920 me
1083 1885 1224 1931 aceepit,
1260 1885 1397 1920 Lutetia
1427 1884 1636 1921 Parisiorum

217 1960 273 1983 me
295 1948 420 1989 docuit,
439 1949 584 1983 Colonia
604 1961 660 1983 me
680 1951 805 1984 tenet.''
855 1949 1026 1984 Gesnerus
1047 1949 1151 1984 etiam
1175 1954 1210 1984 et
1226 1948 1337 1984 Jofias
1355 1949 1522 1984 Simlerus
1545 1949 1638 1985 haud

219 2012 321 2047 aliter
348 2012 507 2053 sentiunt,
540 2025 617 2047 cum
652 2012 810 2047 omnibus
842 2013 915 2047 fere
948 2014 1098 2059 antiquis
1131 2013 1311 2048 illustrium
1345 2013 1499 2048 virorum
1534 2013 1637 2061 scrip-

218 2076 380 2116 toribus;
422 2076 554 2111 tametfi
589 2077 747 2111 Cavellus
789 2077 963 2111 Hibernus
1005 2089 1083 2111 eum
1126 2088 1168 2111 ex
1211 2077 1379 2111 Hibernia
1416 2082 1532 2111 ortum
1568 2076 1638 2114 effe

217 2140 309 2180 velit,
343 2146 377 2175 et
407 2140 578 2175 Lelandus
611 2141 724 2180 etiam,
757 2140 884 2186 quique
919 2153 998 2175 eum
1029 2140 1134 2174 secuti
1167 2140 1244 2175 sunt
1278 2140 1414 2187 Anglici
1449 2140 1633 2187 scriptores

215 2203 379 2243 nonnulli,
414 2216 457 2238 ex
490 2203 758 2238 Northumbriae
797 2204 964 2238 comitatu
1001 2204 1185 2239 oriundum
1221 2205 1343 2239 docere
1377 2205 1537 2240 student:
1575 2205 1634 2241 sed

218 2278 320 2312 quam
346 2267 475 2302 frivolis
500 2267 712 2314 argumentis
738 2267 845 2308 dueti,
872 2268 956 2303 haec
983 2269 1207 2304 corroborare
1230 2268 1395 2310 nitantur,
1421 2269 1457 2304 in
1480 2270 1636 2306 tractatu
