1913 2692
648 186 710 216 DE
751 184 1084 215 SCRIPTORIBUS
1120 183 1283 214 SCOTIS.
1627 184 1666 212 85

396 278 580 313 Leehlram
599 276 856 311 Sententiarum
874 275 930 309 lib.
951 285 1000 308 1v.

395 340 668 376 Commentarios
685 338 943 386 Metaphyfices²
963 339 1020 374 lib.
1039 349 1105 374 ΧΗ.

393 406 522 440 Contra
540 403 791 450 Propofitiones
809 402 962 443 Wiclevi,
981 402 1038 437 lib.
1058 413 1079 437 1.

392 469 504 515 Super
522 468 611 503 Ideis
629 468 788 515 ejusdem,
808 468 864 503 lib.
884 479 907 501 1.

391 532 443 567 De
462 531 538 567 Effe
557 532 779 578 Intelligibili‚
799 532 856 566 lib.
876 543 898 565 Ι.

390 597 444 630 Ad
462 597 631 643 quaedam
650 597 739 631 Loca
756 596 905 643 allegata
922 596 979 631 lib.
998 606 1020 629 1.

389 661 610 701 Quaestiones
628 661 748 701 varias,
768 661 824 695 lib.
846 672 867 695 1.

389 724 588 771 Scripturae
609 725 642 760 S.
662 725 859 764 Praeeonia,
879 725 935 759 lib.
955 735 977 757 1.

392 789 431 823 In
449 789 647 824 eanonicam
665 789 796 829 Jacobi,
816 789 872 823 lib.
893 799 930 823 ΙΙ.

386 855 426 888 In
444 853 668 893 Ezechielem,
687 854 744 888 lib.
763 864 785 887 1.

385 918 437 952 De
456 916 610 952 Paffione
628 917 761 956 Christi,
781 917 838 951 lib.
858 927 880 950 1.

384 981 436 1015 De
454 980 586 1026 Spiritu
604 980 743 1020 Saneto,
762 980 819 1014 lib.
840 990 861 1013 1.

240 1046 282 1079 Et
312 1045 379 1079 alia
410 1044 558 1090 plurima
589 1044 624 1078 in
655 1044 822 1090 Catalogo
852 1043 1066 1089 Scriptorum
1094 1044 1256 1090 exprell'a.
1326 1044 1477 1079 Tandem
1510 1044 1655 1079 Eboraci

237 1109 271 1143 in
298 1108 435 1143 suorum
466 1109 629 1143 Fratrum
655 1107 820 1143 coenobio
846 1107 881 1141 in
906 1107 1065 1142 humanis
1091 1107 1156 1143 effe
1183 1108 1278 1143 defiit
1304 1120 1394 1144 anno
1412 1110 1455 1143 ab
1478 1109 1655 1143 incarnato

237 1174 300 1208 Dei
320 1174 435 1208 Verbo
455 1176 557 1214 1399,
576 1175 599 1207 4
618 1173 666 1207 Id.
686 1172 779 1213 Maii,
799 1172 944 1207 Roberti
962 1172 1068 1207 Tertii
1085 1178 1251 1219 tempore.

638 1317 701 1351 DE
726 1317 907 1351 JACOBO
934 1317 1085 1351 PRIMO
1112 1317 1248 1352 REGE.

230 1430 395 1465 ‚JACOBUS
431 1430 671 1469 STEWARTUS‚
711 1429 783 1475 ejus
819 1429 965 1464 nominis
1003 1429 1185 1465 Scotorum
1220 1430 1296 1465 Rex
1330 1430 1470 1476 primus,
1506 1431 1650 1465 Roberti

232 1494 337 1528 Tertii
371 1494 470 1529 filius.
535 1494 569 1528 Is
603 1493 863 1539 quatuordecim
898 1498 999 1528 natus
1032 1507 1149 1534 annos,
1183 1507 1204 1529 a
1238 1499 1336 1540 patre
1373 1500 1408 1528 et
1443 1495 1539 1541 regni
1574 1507 1650 1540 pro-

229 1558 364 1593 ceribus
398 1558 442 1592 ad
476 1557 667 1593 Galliarum
701 1569 818 1604 regem
852 1556 969 1592 miffus
1008 1564 1109 1599 erat;
1152 1559 1235 1593 diun
1277 1564 1394 1593 autem
1429 1559 1464 1593 in
1499 1559 1648 1594 Galliam

229 1623 367 1670 cogitat,
398 1622 533 1656 emenso
566 1621 744 1668 aliquanto
778 1621 896 1656 oceani
930 1621 1046 1667 spatio,
1083 1623 1165 1657 dum
1201 1622 1299 1657 littus
1334 1621 1426 1668 legit,
1462 1622 1505 1656 ad
1536 1622 1648 1656 Flam-

229 1690 377 1734 burgum
419 1686 693 1732 promontoriiun
732 1685 797 1720 five
836 1685 1046 1731 tempestatis
1084 1685 1116 1718 vi
1150 1684 1301 1723 coaetus,
1341 1683 1406 1718 five
1444 1690 1481 1718 ut
1515 1697 1533 1718 e
1565 1697 1647 1719 nau-

229 1752 280 1786 lea
315 1751 448 1786 marina
485 1751 517 1785 se
556 1750 735 1797 paululum
773 1755 954 1789 recrearet,
998 1748 1179 1788 descendit,
1222 1749 1264 1783 ab
1309 1748 1495 1794 Anglisque
1534 1754 1646 1782 reten-

227 1823 291 1855 tus,
331 1821 365 1849 et
400 1828 420 1850 a
453 1827 544 1861 rege,
581 1814 734 1849 consulto
778 1814 861 1860 quid
900 1826 941 1848 eo
979 1813 1054 1848 fieri
1096 1812 1188 1853 velit,
1231 1813 1267 1847 in
1304 1813 1418 1848 aulam
1461 1812 1643 1853 amellitus,

227 1880 351 1926 ibique,
379 1892 422 1914 ex
450 1879 584 1914 concilii
610 1879 758 1919 decreto,
782 1878 937 1924 captivus
963 1877 1009 1912 est
1035 1877 1203 1912 detentus.
1256 1877 1297 1911 In
1320 1883 1459 1923 captum
1482 1884 1598 1912 tamen
1623 1890 1644 1912 a

224 1957 304 1991 rege
331 1944 445 1991 Anglo
479 1944 544 1978 hoc
570 1955 677 1978 unum
707 1942 896 1978 liberaliter
925 1947 960 1976 et
988 1941 1082 1987 regie
1108 1941 1154 1975 est
1180 1940 1381 1981 consultum,
1413 1941 1504 1986 quod
1534 1941 1642 1975 literis

223 2015 257 2043 et
283 2008 423 2043 honesta-
443 2007 619 2054 disciplina
640 2019 719 2041 eum
745 2006 989 2041 instituendum
1014 2004 1157 2045 curavit,
1180 2004 1342 2039 adhibitis
1367 2004 1398 2039 ei
1424 2005 1639 2051 paedagogis,

223 2084 371 2118 quorum
401 2071 576 2107 scientiam
607 2083 744 2106 omnem
774 2082 843 2105 11011
872 2076 1038 2115 tanquam
1068 2081 1154 2115 puer
1181 2067 1357 2108 imbibisse,
1388 2068 1444 2103 sed
1474 2074 1638 2114 tanquam

223 2136 343 2171 summi
371 2135 493 2183 judieii
523 2135 575 2169 vir
605 2133 744 2170 hausisse
774 2135 988 2180 putabatur3
1027 2132 1117 2167 unde
1152 2133 1313 2167 effe&um
1343 2133 1398 2172 est,
1430 2139 1468 2167 ut
1498 2134 1637 2168 annales

221 2200 323 2234 nostri
346 2200 509 2239 referunt,
535 2204 574 2234 ut
597 2204 694 2234 tauta
717 2197 808 2233 illius
834 2209 947 2232 mores
972 2196 1132 2243 poliverit
1155 2197 1334 2243 elegantia,
1356 2202 1521 2243 tantaque
1546 2198 1635 2233 illius
