1913 2692
641 208 702 238 DE
743 206 1075 237 SCRIPTORIBUS
1114 205 1276 236 SCOTIS.
1622 210 1663 240 93

254 300 400 347 gloriam
428 298 627 346 promeruit.
694 296 852 342 Denique
883 297 927 331 ob
957 295 1101 342 insignes
1130 296 1275 330 virtutes
1303 301 1338 330 et
1365 297 1539 332 mirabiles
1567 298 1670 332 animi

255 366 361 404 dotes,
404 362 670 398 Caledoniorum
710 360 767 395 seu
802 361 940 395 Dunkel
975 360 1150 407 episcopus
1184 359 1386 406 designatur.
1462 361 1514 395 De
1553 373 1594 396 eo
1630 361 1671 395 fic

253 429 406 474 loquitur
438 426 668 461 Buchananus
702 425 737 459 in
771 425 829 459 sua
864 425 995 459 Rerum
1030 424 1243 459 Scoticarum
1284 424 1457 460 Historia:
1498 425 1673 459 “Praeter

254 492 419 528 natalium
448 490 671 536 splendorem,
702 495 737 524 et
767 489 919 535 corporis
949 488 1161 534 dignitatem,
1193 494 1292 523 erant
1326 489 1361 522 in
1396 501 1436 523 eo
1464 489 1603 530 multae,
1634 494 1672 523 ut

253 557 319 590 illis
345 554 568 601 temporibus,
599 554 729 593 literae,
763 553 893 588 summa
925 553 1164 598 temperantia,
1195 559 1230 588 et
1262 553 1439 600 lingularis
1467 553 1572 588 animi
1601 565 1673 587 mo-

253 620 395 659 deratio,
428 624 532 664 atque
559 619 594 652 in
624 619 727 652 rebus
755 617 972 657 turbulentis,
1000 617 1090 651 inter
1118 617 1275 652 adversas
1299 618 1476 658 factiones,
1507 622 1674 664 perpetua

252 685 337 719 fides
376 690 411 718 et
453 683 651 718 auctoritas.
711 682 866 728 Reliquit
899 687 934 716 et
968 681 1095 728 ingenii
1131 687 1166 716 et
1205 682 1383 717 doctrinae
1417 694 1486 717 non
1520 682 1674 728 vulgaria

252 753 485 788 monumenta,
521 747 674 782 sermone
708 746 820 792 patrio
854 745 1072 792 conlcripta.”
1143 746 1245 780 Hunc
1281 746 1385 781 etiam
1424 746 1522 781 valde
1557 746 1674 781 laudat

254 813 431 852 Lessaeus;
468 816 503 846 et
536 811 672 851 Baleus,
707 816 725 829 ‘⁴
743 810 785 844 de
819 811 884 845 hoc
914 810 1016 850 viro,⁷’
1046 810 1168 856 inquit,
1204 811 1340 856 “plura
1372 811 1598 857 producerem
1631 810 1675 845 ad

255 876 422 923 praesens,
450 875 473 910 fi
501 875 692 922 Polydorus
714 874 887 921 Vergilius
909 874 945 908 in
968 874 1134 921 Anglicae
1160 874 1330 910 Historiae
1358 875 1446 910 libro
1472 875 1517 909 iii.
1545 875 1577 910 se
1603 876 1675 921 ejus

254 941 468 976 laudatorem
497 952 566 974 non
592 939 837 985 interponeret,
868 939 927 984 qui
957 944 992 973 et
1021 938 1131 985 ipsum
1156 939 1239 973 olim
1267 951 1310 974 ex
1340 940 1426 974 facie
1453 939 1559 979 novit,
1590 941 1673 974 etc.''

255 1005 311 1040 Sic
338 1005 404 1039 ille.
456 1004 610 1039 Gavinus
636 1003 671 1037 in
700 1003 844 1037 Scoticis
867 1003 987 1039 metris
1014 1003 1058 1038 ad
1083 1003 1255 1038 Jacobum
1283 1004 1464 1045 Quartum,
1493 1003 1675 1038 Scotorum

254 1081 379 1115 regem,
398 1067 525 1114 scripsit

397 1131 571 1166 Palatium
589 1131 748 1171 Honoris,
768 1131 826 1165 lib.
845 1142 867 1165 1.

399 1197 532 1230 Aureas
549 1195 781 1235 Narrationes,
800 1195 857 1229 lib.
877 1206 900 1230 1.

398 1260 601 1295 Comoedias
617 1260 758 1305 aliquot,
778 1259 834 1294 lib.
854 1270 876 1293 1.

399 1325 451 1359 De
471 1324 589 1359 Rebus
607 1323 760 1364 Scoticis‚
779 1323 836 1358 lib.
855 1334 877 1357 1.

257 1388 389 1435 Virgilii
434 1388 538 1423 etiam
578 1388 733 1423 Aeneida
772 1388 884 1422 nostro
927 1387 1090 1423 idiomate
1129 1388 1270 1423 donavit
1304 1399 1345 1423 ea
1380 1388 1598 1428 dexteritate,
1638 1393 1676 1422 ut

254 1453 390 1499 singulis
419 1453 550 1487 Latinis
578 1452 728 1487 verfibus
762 1451 881 1499 singuli
916 1451 1043 1486 Scotici
1077 1453 1315 1499 respondeant,
1351 1464 1392 1486 eo
1427 1452 1676 1487 sententiarum

255 1518 414 1564 pondere,
454 1522 493 1551 ut
535 1517 666 1551 nostrae
706 1516 843 1563 linguae
879 1515 901 1550 fi
941 1516 1113 1562 intelligas
1147 1517 1217 1551 vim
1251 1516 1422 1551 occultam
1457 1517 1601 1557 mireris,
1636 1529 1676 1551 ea

254 1583 400 1628 denique
425 1581 599 1621 felicitate,
627 1586 667 1615 ut
694 1581 825 1615 nullam
852 1581 1074 1627 antiquorum
1104 1586 1285 1627 poetarum
1315 1581 1469 1616 lauream
1497 1593 1575 1615 cum
1604 1581 1676 1627 ejus

254 1647 289 1681 in
336 1647 401 1681 hoc
442 1658 568 1693 genere
613 1645 714 1680 laude
763 1645 861 1680 facile
908 1656 1095 1690 compares.
1176 1644 1278 1679 Hune
1325 1645 1498 1680 Gavinum
1541 1645 1676 1680 Scotiae

255 1722 380 1756 prorex
408 1711 555 1744 Romam
585 1721 648 1755 per
674 1708 873 1755 pontificem
900 1709 1113 1743 evocandum
1140 1709 1184 1743 ad
1213 1709 1348 1744 causam
1374 1709 1553 1744 dicendam
1581 1721 1677 1744 cura-

256 1775 314 1809 vit.
365 1774 400 1808 Is
426 1779 543 1809 autem
570 1773 729 1820 proximo
751 1784 850 1813 anno,
873 1772 955 1807 dum
983 1773 1131 1807 Romam
1156 1772 1389 1819 proficiscitur,
1416 1773 1561 1808 Londini
1586 1774 1676 1820 peste

256 1844 435 1885 correptus
471 1837 566 1877 obiit,
604 1849 729 1884 magno
769 1836 847 1871 suae
885 1837 1024 1872 virtutis
1065 1837 1157 1883 apud
1190 1838 1299 1872 bonos
1339 1837 1504 1872 defiderio
1543 1838 1676 1874 relicto.

257 1903 334 1938 Non
367 1902 465 1936 licuit
494 1901 562 1941 diu,
598 1901 710 1947 inquit
740 1900 941 1947 Polydorus,
976 1913 1017 1936 eo
1050 1901 1118 1936 frui
1151 1902 1271 1943 amico,
1306 1902 1364 1937 sed
1397 1914 1438 1937 eo
1472 1902 1542 1949 ipso
1575 1915 1675 1938 anno.

257 1967 315 2013 qui
340 1966 407 2001 fuit
431 1966 548 2001 salutis
572 1965 743 2000 humanae
772 1966 874 2005 1521,
901 1965 1046 2000 Londini
1072 1966 1264 2013 pestilentia
1291 1966 1490 2013 absumptus
1513 1967 1568 2007 est,
1595 1966 1677 2002 dum

256 2031 408 2066 Jacobus
438 2030 589 2072 Quintus
618 2029 654 2064 in
685 2029 802 2065 Scotia
827 2036 998 2076 regnaret.
