1913 2692
240 247 280 277 68
624 246 685 275 DE
724 244 1056 275 SCRIPTORIBUS
1093 244 1255 275 SCOTIS.

240 338 331 372 haud
363 338 568 371 cunctanter
599 336 757 377 accinxit,
792 341 827 370 et
861 336 897 370 in
931 335 1111 370 Graeciam
1145 335 1250 381 usque
1284 335 1466 382 perrexit;
1503 335 1657 369 Athenas

240 400 348 446 petiit,
390 400 509 434 literas
550 400 708 439 Graecas,
751 399 949 439 Chaldaeas‚
991 404 1026 433 et
1068 398 1233 433 Arabicas
1276 398 1404 438 didicit,
1450 410 1656 444 omnemque

240 477 401 500 arcanam
441 464 691 510 philosophiam
724 463 774 498 ita
806 461 1009 509 penetravit,
1046 466 1085 495 ut
1118 461 1154 495 in
1187 461 1279 496 omni
1316 461 1457 496 meliore
1500 460 1658 495 doctrina

241 529 297 563 vix
322 528 371 563 sui
396 527 538 562 similem
562 539 758 573 quenquam
780 526 816 560 in
843 526 903 560 illa
924 530 1038 560 aetate
1064 537 1127 571 per
1148 531 1320 560 terrarum
1346 526 1465 560 orbem
1487 525 1656 559 habuerit.

242 593 319 627 Post
344 592 470 626 multos
492 596 609 626 autem
635 602 751 630 annos,
771 595 805 624 et
829 589 906 635 plus
929 600 1033 634 quam
1055 588 1244 622 mediocres
1266 588 1302 622 in
1324 588 1433 623 literis
1455 586 1655 634 progreffus,

241 656 275 689 in
306 654 441 689 Italiam
481 659 515 688 et
545 653 693 688 Galliam
722 653 767 687 est
796 651 959 692 reversus,
993 663 1014 685 a
1046 651 1218 685 Ludovico
1249 651 1485 685 Romanorum
1514 651 1658 697 impera-

240 725 315 753 tore
342 718 478 754 accitus.
526 716 728 763 Multiplicis
755 715 956 751 eruditionis
984 715 1122 750 nomine
1147 714 1271 749 Carolo
1293 715 1406 755 Calvo,
1429 720 1468 749 ut
1491 720 1525 749 et
1548 715 1659 749 Ludo-

242 782 315 817 vico
339 782 458 819 Balbo,
480 781 527 816 est
550 785 719 826 acceptus.
771 779 883 825 Hujus
905 778 1009 824 lepidi
1032 777 1160 824 ingenii
1185 777 1312 812 illustre
1335 776 1469 823 signum
1491 777 1557 812 hoc
1581 778 1657 817 fuit,

242 845 333 892 quod
360 845 433 891 regi
461 845 496 879 in
524 843 639 879 mensa
667 843 884 890 percontanti
912 843 1107 888 (jocabatur
1126 841 1218 876 enim
1241 853 1303 876 rex
1329 853 1407 876 cmn
1434 841 1492 876 illo
1517 840 1660 887 saepissi-

242 914 310 955 me)
341 910 433 951 Quid
459 907 632 944 intereffet
662 908 753 942 inter
780 907 921 942 Scotum
951 912 985 941 et
1013 906 1151 941 sotum?
1183 905 1308 948 (sotum
1340 906 1432 940 enim
1463 905 1555 940 Galli
1586 917 1659 939 ver·
1719 915 1729 920 ⁴

242 975 366 1010 nacula
387 974 505 1020 lingua
527 973 702 1019 appellant
726 971 900 1006 hominem
922 975 1047 1005 natura
1063 974 1098 1004 et
1119 970 1257 1016 ingenio
1279 969 1474 1016 stupidum,)
1496 969 1657 1007 Mensam,

242 1038 423 1084 respondit,
458 1036 538 1071 salse
568 1048 685 1083 regem
718 1046 883 1081 pungens,
920 1034 1010 1068 inter
1041 1045 1144 1079 quem
1172 1038 1207 1068 et
1240 1033 1413 1068 Joannem
1447 1032 1562 1067 mensa
1594 1032 1659 1066 suit

243 1100 448 1147 interposita.
500 1100 638 1145 Rogatu
671 1103 787 1133 autem
817 1096 1041 1144 imperatoriS,
1077 1096 1227 1143 Dionysii
1259 1096 1489 1142 Areopagitae
1519 1095 1659 1130 Hierar-

242 1165 355 1199 chiam
380 1164 422 1198 de
448 1164 580 1199 Graeco
611 1163 646 1197 in
673 1162 834 1197 Latinum
859 1161 982 1195 vertit:
1013 1165 1109 1195 extat
1135 1172 1220 1207 opus
1247 1159 1383 1206 insigne,
1406 1159 1660 1194 commentariis

244 1228 400 1275 Hugonis
433 1240 453 1262 a
487 1227 520 1262 S.
556 1227 697 1262 Victore
733 1225 945 1260 illustratum.
1001 1224 1079 1259 Post
1112 1223 1228 1259 miffus
1261 1236 1281 1259 a
1314 1224 1438 1259 Carolo
1473 1223 1589 1258 Tertio
1625 1224 1659 1257 in

243 1292 413 1338 Angliam,
450 1290 623 1326 descendit
665 1290 800 1336 legatus
837 1289 881 1323 ad
916 1288 1097 1323 Alfi-edum
1138 1289 1329 1334 Anglorum
1369 1299 1495 1334 regem,
1530 1287 1660 1333 optimo

242 1355 387 1401 principi
425 1353 671 1400 gratulaturus,
711 1352 813 1398 quod,
845 1351 917 1397 post
953 1357 1089 1397 partam
1125 1351 1285 1387 adversus
1319 1352 1435 1386 Danos
1469 1351 1659 1389 victoriam,

242 1431 362 1464 pacem
392 1430 470 1452 cum
501 1417 612 1452 Scotis
639 1428 677 1451 ac
710 1415 851 1450 Francis
882 1415 1021 1450 inierit:
1055 1417 1099 1451 ob
1129 1416 1291 1451 eximiam
1322 1416 1393 1462 ejus
1422 1406 1660 1454 eruditionem,

244 1495 286 1517 ex
322 1483 435 1528 legato
471 1481 613 1515 Alfredo
653 1480 764 1514 factus
802 1479 848 1513 est
884 1478 1012 1524 hospes,
1043 1485 1077 1514 et
1106 1484 1177 1514 tam
1213 1479 1273 1514 fibi
1309 1491 1412 1525 quam
1441 1479 1507 1514 suis
1545 1478 1660 1513 liberis

243 1546 417 1581 adhibitus
458 1549 668 1590 praeceptor,
715 1548 758 1583 et,
798 1542 868 1588 ipso
910 1554 990 1588 rege
1032 1543 1145 1588 postea
1191 1543 1406 1582 adhortante,
1453 1542 1543 1576 inter
1590 1541 1660 1575 otia

243 1609 396 1645 literaria
425 1621 444 1643 e
474 1609 606 1643 Graeco
636 1606 808 1642 transtulit
837 1606 872 1640 in
902 1611 972 1640 tres
1002 1606 1144 1652 linguas,
1176 1606 1302 1640 scilicet
1332 1605 1561 1644 Chaldaicam,
1596 1606 1660 1639 Ar-

245 1674 385 1714 abicam,
404 1678 439 1708 et
457 1673 623 1712 Latinam,
650 1670 840 1706 Aristotelis
866 1669 1020 1709 Moralia,
1039 1670 1080 1704 de
1104 1670 1252 1704 Secretis
1278 1670 1506 1704 Secretorum.
1559 1668 1660 1702 Hunc

245 1738 424 1773 doctorem
461 1749 523 1771 rex
559 1735 731 1770 Oxonium
765 1733 862 1773 milit,
899 1731 1061 1779 jussitque
1095 1738 1142 1773 ut,
1177 1733 1352 1768 academia
1387 1733 1460 1779 jain
1494 1731 1657 1766 restituta.

246 1802 400 1837 omnium
430 1801 560 1847 primus
590 1800 637 1834 ibi
664 1800 771 1834 bonas
804 1798 922 1832 literas
955 1798 1090 1843 publice
1126 1798 1273 1834 doceret.
1336 1799 1551 1844 Argumenta
1584 1797 1662 1831 doc-

246 1867 356 1901 trinae
374 1865 452 1900 suae
470 1865 554 1899 haec
572 1864 691 1899 saltem
709 1874 818 1908 pauca
834 1861 890 1896 hic
910 1861 1118 1908 attingamus
1133 1876 1139 1897 :

393 1929 445 1963 De
463 1928 614 1974 Corpore
631 1932 666 1962 et
685 1926 858 1972 Sanguine
877 1925 1025 1966 Domini,
1044 1926 1100 1960 lib.
1120 1936 1142 1959 Ι.

392 1992 569 2028 Verfiones
586 1993 625 2026 B.
645 1991 804 2037 Dionysii,
823 1991 880 2025 lib.
900 2001 922 2024 1.

394 2057 434 2091 In
452 2056 641 2091 Aristotelis
658 2054 812 2094 Moralia,
832 2054 889 2089 lib.
908 2064 958 2087 lx.

394 2121 435 2154 In
454 2119 691 2154 Hierarchiam
708 2116 990 2156 Commentarios,
1009 2116 1066 2151 lib.
1086 2126 1135 2149 lv.

393 2184 433 2217 In
450 2182 671 2229 Theologiam
688 2181 872 2227 Mysticam,
892 2180 949 2214 lib.
970 2190 991 2213 Ι.

395 2247 668 2293 Paraphrasticos
685 2251 805 2285 tomos,
824 2245 881 2279 lib.
901 2255 923 2278 1.

396 2308 567 2354 Dogmata
584 2308 877 2353 Philosophorum,
896 2306 952 2340 lib.
972 2317 994 2339 1.
