1913 2692
606 207 667 237 DE
708 205 1040 237 SCRIPTORIBUS
1075 205 1237 234 SCOTIS.
1581 208 1621 236 :39

212 299 412 333 Hiberniam
445 297 588 343 trajecit,
625 297 682 331 ubi
716 308 793 330 cum
829 295 1019 330 incredibili
1060 294 1195 340 spiritus
1234 295 1366 327 fervore
1413 295 1627 339 evangelium

209 375 270 408 per
303 362 467 408 plurimos
500 372 607 395 annos
640 359 859 405 praedicavit.
923 358 1048 392 Diebus
1077 357 1143 391 fuit
1173 357 1354 403 Magonius
1387 370 1408 391 a
1448 357 1625 403 plerisque.

209 428 253 461 ob
279 425 422 471 insignes
441 424 586 458 virtutes
611 423 757 469 Magnus
781 422 1050 468 cognominatus,
1075 421 1143 467 qui,
1170 421 1213 455 ob
1242 421 1331 454 vitae
1367 420 1625 455 sanefimoniam

209 496 243 524 et
269 489 442 528 miracula,
470 487 672 522 Hiberniam
696 493 805 521 totam
830 485 999 521 convertit
1032 485 1075 519 ad
1105 485 1207 518 fidem
1239 484 1371 524 Christi,
1399 484 1626 530 quadraginta

208 565 314 588 annos
343 553 379 586 in
407 551 574 586 Hibernia
602 549 777 586 ecclesiam
804 562 935 595 regens.
1003 550 1129 583 Portus
1155 555 1271 583 autem
1302 548 1336 582 in
1370 548 1570 585 Gallovidia,
1606 562 1624 581 e

209 629 276 664 quo
313 628 435 651 navem
465 615 563 650 solvit
591 627 669 649 eum
698 615 733 649 in
764 614 965 648 Hiberniam
996 613 1182 658 navigaret,
1212 612 1312 658 hujus
1344 612 1393 646 rei
1424 612 1623 646 memoriam

208 681 338 715 servat:
367 679 525 726 scopulus
553 679 587 713 in
615 679 743 718 Glotta‚
773 679 831 724 qui
862 678 896 712 in
923 677 1036 712 medio
1064 677 1204 710 flumine
1235 676 1323 716 fitus,
1351 677 1489 723 impune
1515 677 1624 722 plenis

209 745 292 780 velis
319 745 430 778 illatas
460 755 563 777 naves
588 743 755 777 innocuus
777 742 913 788 exeipit.
964 741 1090 775 Fertur
1116 746 1233 774 autem
1260 741 1312 774 vir
1339 741 1462 775 doetus
1486 746 1520 775 et
1548 741 1623 786 pius

207 809 350 844 studiose
380 808 512 854 semper
538 806 761 852 antiqnitates
786 805 986 840 Britanniae
1014 803 1217 850 quaesivisse,
1246 805 1395 839 maxime
1422 805 1622 839 Britanniae

208 872 488 919 septentrionalis.
524 870 658 905 Scotiae
692 869 827 907 scilieet,
861 881 949 915 quae
982 868 1026 903 ad
1060 867 1182 902 Christi
1216 868 1319 902 fidem
1353 869 1621 903 confirmandam

206 937 395 973 faciebant:
425 933 596 981 reperiill'e
624 946 704 968 vero
730 933 986 968 Commentaria
1012 933 1166 966 Medunii
1192 932 1234 966 de
1264 933 1363 967 Aetis
1394 933 1553 967 Damiani
1585 940 1619 966 et

207 999 388 1046 Fugatiani
421 999 456 1032 in
491 997 680 1037 Britannia,
711 1009 830 1031 verum
860 997 947 1031 liber
976 997 1032 1031 ille
1063 996 1153 1031 carie
1182 1009 1269 1042 pene
1300 997 1503 1031 obliteratus
1537 1004 1619 1035 erat,

207 1062 297 1097 unde
315 1061 372 1096 nifi
391 1060 559 1107 probabili
577 1060 776 1105 conjeeiura
793 1060 859 1105 legi
878 1072 946 1094 non
963 1066 1109 1107 poterat.
1162 1059 1306 1106 Soripfit
1324 1060 1494 1095 Patricius

351 1125 403 1159 De
421 1124 553 1158 Futura
569 1123 771 1158 Eleffmrum
790 1123 818 1155 V
822 1123 879 1163 ita,
899 1123 955 1158 lib.
975 1135 997 1158 1.

350 1189 403 1223 De
419 1188 530 1222 tribus
548 1187 770 1226 Habitaculis‚
789 1187 846 1221 lib.
865 1198 888 1221 Ι.

349 1253 401 1287 De
419 1251 637 1297 Antiquitate
655 1251 851 1291 Avaloniea‚
869 1251 927 1286 lib.
947 1262 968 1286 Ι.

349 1316 569 1351 Itinerarium
586 1315 815 1355 Confeflionis,
834 1315 891 1350 lib.
910 1327 932 1351 1.

348 1379 611 1426 Hodoeporicon
629 1379 825 1419 Hiberniae,
845 1379 901 1413 lib.
921 1390 943 1413 1.

348 1444 532 1478 Historiam
550 1443 746 1483 Hiberniae,
765 1455 807 1478 ex
826 1444 958 1483 Ruano,
977 1443 1034 1477 lib.
1053 1454 1075 1477 1.

347 1509 552 1543 Sermonum
569 1507 626 1542 lib.
646 1518 668 1541 1.

345 1572 475 1607 Contra
498 1571 688 1606 Gentilium
718 1570 989 1617 Superstitiones,
1019 1570 1186 1616 Epistolas
1212 1570 1256 1605 ad
1285 1570 1460 1606 Creticum
1490 1570 1617 1616 Tyran-

393 1647 485 1675 num,
503 1635 560 1670 lib.
579 1645 602 1669 1.

347 1699 401 1733 Ad
418 1699 583 1733 Avalonis
600 1698 735 1733 Incolas
753 1697 948 1744 Epistolam.

347 1762 401 1796 Ad
418 1761 494 1796 suos
511 1762 631 1796 scotos
649 1761 814 1807 Epistolas
831 1761 955 1807 plures.

346 1825 401 1859 Ad
420 1824 648 1859 Hibernenses
664 1824 828 1859 Ecclelias
844 1825 1010 1871 Epistolas
1026 1826 1149 1872 plures.

345 1889 545 1935 Abjefiffiria
561 1889 729 1935 quaedam
747 1891 826 1929 366,
845 1889 902 1924 lib.
921 1900 944 1923 1.

200 1954 246 1988 Et
268 1953 336 1988 alia
360 1953 516 1999 plurima.
567 1953 719 1988 Tandem
746 1953 798 1987 vir
823 1953 888 1988 Dei
914 1953 1013 1988 bonis
1035 1953 1196 1999 operibus
1219 1953 1406 1993 abundans,
1433 1959 1468 1988 et
1489 1954 1612 1988 aetatis

199 2030 289 2053 anno
320 2019 398 2057 122,
429 2029 519 2052 anno
548 2029 629 2052 vero
659 2017 798 2052 Domini
827 2019 908 2058 490,
938 2029 1044 2064 prope
1074 2017 1270 2053 Dunensem
1300 2017 1505 2052 Ultonienfis
1533 2029 1612 2063 pro-

200 2082 329 2117 vinciae
347 2082 468 2116 urbem
485 2081 692 2128 absumptus,
718 2081 754 2116 in
780 2081 927 2128 quadam
954 2081 1113 2128 spelunca
1134 2081 1303 2128 sepelitur,
1326 2081 1492 2128 Congallo
1519 2082 1611 2127 apud

200 2146 319 2181 Scotos
335 2150 510 2192 regnante.
