<?xml version="1.0" encoding="UTF-8"?>
<!DOCTYPE html PUBLIC "-//W3C//DTD XHTML 1.0 Transitional//EN"
    "http://www.w3.org/TR/xhtml1/DTD/xhtml1-transitional.dtd">
<html xmlns="http://www.w3.org/1999/xhtml" xml:lang="en" lang="en">
 <head>
  <title>
</title>
<meta http-equiv="Content-Type" content="text/html;charset=utf-8" />
  <meta name='ocr-system' content='tesseract 3.04.00' />
  <meta name='ocr-capabilities' content='ocr_page ocr_carea ocr_par ocr_line ocrx_word'/>
</head>
<body>
  <div class='ocr_page' id='page_1' title='image "./davidisbuchanani00bann_0029.png"; bbox 0 0 1913 2692; ppageno 0'>
   <div class='ocr_carea' id='block_1_1' title="bbox 622 251 1638 296">
    <p class='ocr_par' dir='ltr' id='par_1_1' title="bbox 622 251 1638 296">
     <span class='ocr_line' id='line_1_1' title="bbox 622 251 1638 296; baseline 0.006 -15"><span class='ocrx_word' id='word_1_1' title='bbox 622 251 684 281; x_wconf 86' lang='lat' dir='ltr'>DE</span> <span class='ocrx_word' id='word_1_2' title='bbox 722 252 1054 284; x_wconf 86' lang='lat' dir='ltr'><strong>SCRIPTORIBUS</strong></span> <span class='ocrx_word' id='word_1_3' title='bbox 1090 255 1252 285; x_wconf 87' lang='lat' dir='ltr'>SCOTIS.</span> <span class='ocrx_word' id='word_1_4' title='bbox 1620 260 1638 296; x_wconf 82' lang='lat'>7</span> 
     </span>
    </p>
   </div>
   <div class='ocr_carea' id='block_1_2' title="bbox 231 340 1642 520">
    <p class='ocr_par' dir='ltr' id='par_1_2' title="bbox 231 340 1642 520">
     <span class='ocr_line' id='line_1_2' title="bbox 233 340 1642 392; baseline 0.006 -17"><span class='ocrx_word' id='word_1_5' title='bbox 233 352 340 387; x_wconf 86' lang='lat' dir='ltr'>prope</span> <span class='ocrx_word' id='word_1_6' title='bbox 365 340 535 387; x_wconf 84' lang='lat' dir='ltr'>Angliam,</span> <span class='ocrx_word' id='word_1_7' title='bbox 567 341 626 376; x_wconf 88' lang='lat' dir='ltr'>ubi</span> <span class='ocrx_word' id='word_1_8' title='bbox 660 341 769 377; x_wconf 87' lang='lat' dir='ltr'>literis</span> <span class='ocrx_word' id='word_1_9' title='bbox 794 342 830 377; x_wconf 87' lang='lat' dir='ltr'>in</span> <span class='ocrx_word' id='word_1_10' title='bbox 858 343 1042 388; x_wconf 83' lang='lat' dir='ltr'>juventute</span> <span class='ocrx_word' id='word_1_11' title='bbox 1068 345 1218 380; x_wconf 82' lang='lat' dir='ltr'>excoluit</span> <span class='ocrx_word' id='word_1_12' title='bbox 1244 346 1441 392; x_wconf 82' lang='lat' dir='ltr'>ingeniun1;</span> <span class='ocrx_word' id='word_1_13' title='bbox 1480 350 1642 384; x_wconf 86' lang='lat' dir='ltr'>matures-</span> 
     </span>
     <span class='ocr_line' id='line_1_3' title="bbox 232 404 1642 458; baseline 0.006 -20"><span class='ocrx_word' id='word_1_14' title='bbox 232 409 330 438; x_wconf 90' lang='lat' dir='ltr'>cente</span> <span class='ocrx_word' id='word_1_15' title='bbox 356 409 479 445; x_wconf 86' lang='lat' dir='ltr'>aetate,</span> <span class='ocrx_word' id='word_1_16' title='bbox 501 404 537 439; x_wconf 90' lang='lat' dir='ltr'>in</span> <span class='ocrx_word' id='word_1_17' title='bbox 562 405 727 440; x_wconf 90' lang='lat' dir='ltr'>coenobio</span> <span class='ocrx_word' id='word_1_18' title='bbox 749 406 1001 442; x_wconf 83' lang='lat' dir='ltr'>Novocastrcnfi</span> <span class='ocrx_word' id='word_1_19' title='bbox 1027 408 1061 443; x_wconf 89' lang='lat' dir='ltr'>in</span> <span class='ocrx_word' id='word_1_20' title='bbox 1088 409 1242 444; x_wconf 81' lang='lat' dir='ltr'>ordinem</span> <span class='ocrx_word' id='word_1_21' title='bbox 1265 409 1298 444; x_wconf 81' lang='lat' dir='ltr'>S.</span> <span class='ocrx_word' id='word_1_22' title='bbox 1322 409 1491 445; x_wconf 88' lang='lat' dir='ltr'>Francisci</span> <span class='ocrx_word' id='word_1_23' title='bbox 1517 412 1642 458; x_wconf 82' lang='lat' dir='ltr'>ingres-</span> 
     </span>
     <span class='ocr_line' id='line_1_4' title="bbox 231 467 1641 520; baseline 0.007 -19"><span class='ocrx_word' id='word_1_24' title='bbox 231 467 286 502; x_wconf 94' lang='lat' dir='ltr'>sus</span> <span class='ocrx_word' id='word_1_25' title='bbox 320 468 374 503; x_wconf 90' lang='lat' dir='ltr'>est.</span> <span class='ocrx_word' id='word_1_26' title='bbox 426 468 600 503; x_wconf 88' lang='lat' dir='ltr'>Postremo</span> <span class='ocrx_word' id='word_1_27' title='bbox 634 469 759 504; x_wconf 83' lang='lat' dir='ltr'>Oxonii</span> <span class='ocrx_word' id='word_1_28' title='bbox 792 470 984 516; x_wconf 83' lang='lat' dir='ltr'>supremam</span> <span class='ocrx_word' id='word_1_29' title='bbox 1018 472 1053 507; x_wconf 92' lang='lat' dir='ltr'>in</span> <span class='ocrx_word' id='word_1_30' title='bbox 1086 473 1261 520; x_wconf 83' lang='lat' dir='ltr'>theologia</span> <span class='ocrx_word' id='word_1_31' title='bbox 1294 473 1446 509; x_wconf 81' lang='lat' dir='ltr'>lauream</span> <span class='ocrx_word' id='word_1_32' title='bbox 1481 476 1527 510; x_wconf 88' lang='lat' dir='ltr'>est</span> <span class='ocrx_word' id='word_1_33' title='bbox 1563 487 1641 511; x_wconf 91' lang='lat' dir='ltr'>con-</span> 
     </span>
    </p>
   </div>
   <div class='ocr_carea' id='block_1_3' title="bbox 232 531 1641 643">
    <p class='ocr_par' dir='ltr' id='par_1_3' title="bbox 232 531 1641 643">
     <span class='ocr_line' id='line_1_5' title="bbox 232 531 1641 586; baseline 0.006 -21"><span class='ocrx_word' id='word_1_34' title='bbox 232 531 374 572; x_wconf 89' lang='lat' dir='ltr'>secutus,</span> <span class='ocrx_word' id='word_1_35' title='bbox 404 537 508 578; x_wconf 88' lang='lat' dir='ltr'>atque</span> <span class='ocrx_word' id='word_1_36' title='bbox 541 532 732 579; x_wconf 70' lang='lat' dir='ltr'>trigesimus</span> <span class='ocrx_word' id='word_1_37' title='bbox 763 533 928 570; x_wconf 88' lang='lat' dir='ltr'>secundus</span> <span class='ocrx_word' id='word_1_38' title='bbox 957 535 993 571; x_wconf 90' lang='lat' dir='ltr'>in</span> <span class='ocrx_word' id='word_1_39' title='bbox 1022 536 1216 573; x_wconf 81' lang='lat' dir='ltr'>scholastica</span> <span class='ocrx_word' id='word_1_40' title='bbox 1247 538 1421 585; x_wconf 82' lang='lat' dir='ltr'>theologia</span> <span class='ocrx_word' id='word_1_41' title='bbox 1447 540 1641 586; x_wconf 63' lang='lat' dir='ltr'>praelector</span> 
     </span>
     <span class='ocr_line' id='line_1_6' title="bbox 232 596 698 643; baseline 0.002 -13"><span class='ocrx_word' id='word_1_42' title='bbox 232 596 442 631; x_wconf 86' lang='lat' dir='ltr'>constitutus.</span> <span class='ocrx_word' id='word_1_43' title='bbox 493 596 698 643; x_wconf 85' lang='lat' dir='ltr'>Conscripfit</span> 
     </span>
    </p>
   </div>
   <div class='ocr_carea' id='block_1_4' title="bbox 232 659 1640 958">
    <p class='ocr_par' dir='ltr' id='par_1_4' title="bbox 377 659 1170 707">
     <span class='ocr_line' id='line_1_7' title="bbox 377 659 1170 707; baseline 0.005 -14"><span class='ocrx_word' id='word_1_44' title='bbox 377 659 650 694; x_wconf 84' lang='lat' dir='ltr'>Commentarios</span> <span class='ocrx_word' id='word_1_45' title='bbox 675 660 710 694; x_wconf 89' lang='lat' dir='ltr'>in</span> <span class='ocrx_word' id='word_1_46' title='bbox 736 660 1009 707; x_wconf 83' lang='lat' dir='ltr'>Longobardum,</span> <span class='ocrx_word' id='word_1_47' title='bbox 1036 662 1093 697; x_wconf 92' lang='lat' dir='ltr'>lib.</span> <span class='ocrx_word' id='word_1_48' title='bbox 1120 673 1170 697; x_wconf 75' lang='lat' dir='ltr'>lv.</span> 
     </span>
    </p>

    <p class='ocr_par' dir='ltr' id='par_1_5' title="bbox 375 722 886 769">
     <span class='ocr_line' id='line_1_8' title="bbox 375 722 886 769; baseline 0.002 -12"><span class='ocrx_word' id='word_1_49' title='bbox 375 722 624 758; x_wconf 88' lang='lat' dir='ltr'>Chronicorum</span> <span class='ocrx_word' id='word_1_50' title='bbox 650 724 753 769; x_wconf 84' lang='lat' dir='ltr'>Opus,</span> <span class='ocrx_word' id='word_1_51' title='bbox 779 724 836 759; x_wconf 86' lang='lat' dir='ltr'>lib.</span> <span class='ocrx_word' id='word_1_52' title='bbox 863 735 886 758; x_wconf 89' lang='lat'>1.</span> 
     </span>
    </p>

    <p class='ocr_par' dir='ltr' id='par_1_6' title="bbox 232 786 1640 958">
     <span class='ocr_line' id='line_1_9' title="bbox 377 786 963 833; baseline 0.002 -13"><span class='ocrx_word' id='word_1_53' title='bbox 377 786 632 833; x_wconf 84' lang='lat' dir='ltr'>Disputationes</span> <span class='ocrx_word' id='word_1_54' title='bbox 658 787 829 833; x_wconf 86' lang='lat' dir='ltr'>quasdam,</span> <span class='ocrx_word' id='word_1_55' title='bbox 856 788 913 823; x_wconf 93' lang='lat' dir='ltr'>lib.</span> <span class='ocrx_word' id='word_1_56' title='bbox 940 799 963 822; x_wconf 89' lang='lat'>1.</span> 
     </span>
     <span class='ocr_line' id='line_1_10' title="bbox 232 849 1640 902; baseline 0.006 -19"><span class='ocrx_word' id='word_1_57' title='bbox 232 849 278 883; x_wconf 88' lang='lat' dir='ltr'>Et</span> <span class='ocrx_word' id='word_1_58' title='bbox 303 849 370 884; x_wconf 84' lang='lat' dir='ltr'>alia</span> <span class='ocrx_word' id='word_1_59' title='bbox 402 850 559 895; x_wconf 85' lang='lat' dir='ltr'>plurima.</span> <span class='ocrx_word' id='word_1_60' title='bbox 610 850 706 884; x_wconf 87' lang='lat' dir='ltr'>Fatis</span> <span class='ocrx_word' id='word_1_61' title='bbox 735 851 882 897; x_wconf 86' lang='lat' dir='ltr'>denique</span> <span class='ocrx_word' id='word_1_62' title='bbox 911 850 1003 886; x_wconf 86' lang='lat' dir='ltr'>ccssit</span> <span class='ocrx_word' id='word_1_63' title='bbox 1037 864 1127 888; x_wconf 88' lang='lat' dir='ltr'>anno</span> <span class='ocrx_word' id='word_1_64' title='bbox 1160 854 1301 889; x_wconf 89' lang='lat' dir='ltr'>Domini</span> <span class='ocrx_word' id='word_1_65' title='bbox 1337 857 1438 896; x_wconf 79' lang='lat'>1:336,</span> <span class='ocrx_word' id='word_1_66' title='bbox 1476 862 1640 902; x_wconf 83' lang='lat' dir='ltr'>regnante</span> 
     </span>
     <span class='ocr_line' id='line_1_11' title="bbox 232 913 819 958; baseline 0.002 -11"><span class='ocrx_word' id='word_1_67' title='bbox 232 914 323 958; x_wconf 86' lang='lat' dir='ltr'>apud</span> <span class='ocrx_word' id='word_1_68' title='bbox 349 913 469 948; x_wconf 87' lang='lat' dir='ltr'>Scotos</span> <span class='ocrx_word' id='word_1_69' title='bbox 494 913 626 948; x_wconf 88' lang='lat' dir='ltr'>Davide</span> <span class='ocrx_word' id='word_1_70' title='bbox 652 913 819 948; x_wconf 88' lang='lat' dir='ltr'>Secundo.</span> 
     </span>
    </p>
   </div>
   <div class='ocr_carea' id='block_1_5' title="bbox 649 1056 1271 1094">
    <p class='ocr_par' dir='ltr' id='par_1_7' title="bbox 649 1056 1271 1094">
     <span class='ocr_line' id='line_1_12' title="bbox 649 1056 1271 1094; baseline 0.005 -3"><span class='ocrx_word' id='word_1_71' title='bbox 649 1056 712 1091; x_wconf 91' lang='lat' dir='ltr'>DE</span> <span class='ocrx_word' id='word_1_72' title='bbox 738 1056 980 1092; x_wconf 88' lang='lat' dir='ltr'>GULIELMO</span> <span class='ocrx_word' id='word_1_73' title='bbox 1006 1056 1271 1094; x_wconf 89' lang='lat' dir='ltr'><strong>MAXVELLO.</strong></span> 
     </span>
    </p>
   </div>
   <div class='ocr_carea' id='block_1_6' title="bbox 232 1167 1644 1855">
    <p class='ocr_par' dir='ltr' id='par_1_8' title="bbox 232 1167 1644 1597">
     <span class='ocr_line' id='line_1_13' title="bbox 232 1167 1642 1221; baseline 0.004 -17"><span class='ocrx_word' id='word_1_74' title='bbox 232 1170 449 1204; x_wconf 82' lang='lat' dir='ltr'><strong>GULIELMUS</strong></span> <span class='ocrx_word' id='word_1_75' title='bbox 474 1167 662 1202; x_wconf 80' lang='lat' dir='ltr'><strong>MAXVELL</strong></span> <span class='ocrx_word' id='word_1_76' title='bbox 687 1168 745 1203; x_wconf 87' lang='lat' dir='ltr'>seu</span> <span class='ocrx_word' id='word_1_77' title='bbox 770 1167 972 1209; x_wconf 76' lang='lat' dir='ltr'>Makilssiell,</span> <span class='ocrx_word' id='word_1_78' title='bbox 998 1174 1099 1205; x_wconf 87' lang='lat' dir='ltr'>natus</span> <span class='ocrx_word' id='word_1_79' title='bbox 1124 1170 1160 1204; x_wconf 90' lang='lat' dir='ltr'>in</span> <span class='ocrx_word' id='word_1_80' title='bbox 1186 1170 1380 1207; x_wconf 84' lang='lat' dir='ltr'>Gallovidia</span> <span class='ocrx_word' id='word_1_81' title='bbox 1405 1173 1540 1209; x_wconf 85' lang='lat' dir='ltr'>Scotiae</span> <span class='ocrx_word' id='word_1_82' title='bbox 1565 1187 1642 1221; x_wconf 92' lang='lat' dir='ltr'>pro-</span> 
     </span>
     <span class='ocr_line' id='line_1_14' title="bbox 233 1232 1642 1279; baseline 0.006 -13"><span class='ocrx_word' id='word_1_83' title='bbox 233 1232 343 1268; x_wconf 82' lang='lat' dir='ltr'>vincia</span> <span class='ocrx_word' id='word_1_84' title='bbox 369 1243 476 1278; x_wconf 86' lang='lat' dir='ltr'>prope</span> <span class='ocrx_word' id='word_1_85' title='bbox 505 1232 695 1267; x_wconf 82' lang='lat' dir='ltr'>Candidam</span> <span class='ocrx_word' id='word_1_86' title='bbox 725 1232 855 1273; x_wconf 78' lang='lat' dir='ltr'>Casam,</span> <span class='ocrx_word' id='word_1_87' title='bbox 886 1233 921 1267; x_wconf 89' lang='lat' dir='ltr'>in</span> <span class='ocrx_word' id='word_1_88' title='bbox 948 1233 1133 1279; x_wconf 85' lang='lat' dir='ltr'>juventute</span> <span class='ocrx_word' id='word_1_89' title='bbox 1162 1234 1198 1269; x_wconf 89' lang='lat' dir='ltr'>in</span> <span class='ocrx_word' id='word_1_90' title='bbox 1228 1235 1327 1271; x_wconf 89' lang='lat' dir='ltr'>bonis</span> <span class='ocrx_word' id='word_1_91' title='bbox 1356 1236 1465 1272; x_wconf 87' lang='lat' dir='ltr'>literis</span> <span class='ocrx_word' id='word_1_92' title='bbox 1497 1238 1642 1274; x_wconf 86' lang='lat' dir='ltr'>feliciter</span> 
     </span>
     <span class='ocr_line' id='line_1_15' title="bbox 232 1296 1643 1348; baseline 0.004 -17"><span class='ocrx_word' id='word_1_93' title='bbox 232 1308 253 1331; x_wconf 88' lang='lat' dir='ltr'>a</span> <span class='ocrx_word' id='word_1_94' title='bbox 286 1296 486 1343; x_wconf 89' lang='lat' dir='ltr'>parentibus</span> <span class='ocrx_word' id='word_1_95' title='bbox 529 1296 712 1337; x_wconf 90' lang='lat' dir='ltr'>educatus;</span> <span class='ocrx_word' id='word_1_96' title='bbox 759 1296 882 1332; x_wconf 88' lang='lat' dir='ltr'>deinde</span> <span class='ocrx_word' id='word_1_97' title='bbox 927 1297 1105 1343; x_wconf 88' lang='lat' dir='ltr'>postquam</span> <span class='ocrx_word' id='word_1_98' title='bbox 1149 1297 1267 1334; x_wconf 83' lang='lat' dir='ltr'>literas</span> <span class='ocrx_word' id='word_1_99' title='bbox 1308 1299 1528 1336; x_wconf 80' lang='lat' dir='ltr'>humaniores</span> <span class='ocrx_word' id='word_1_100' title='bbox 1565 1313 1643 1348; x_wconf 91' lang='lat' dir='ltr'>pro-</span> 
     </span>
     <span class='ocr_line' id='line_1_16' title="bbox 233 1360 1644 1411; baseline 0.004 -16"><span class='ocrx_word' id='word_1_101' title='bbox 233 1362 276 1395; x_wconf 90' lang='lat' dir='ltr'>be</span> <span class='ocrx_word' id='word_1_102' title='bbox 305 1366 341 1396; x_wconf 89' lang='lat' dir='ltr'>et</span> <span class='ocrx_word' id='word_1_103' title='bbox 369 1360 451 1396; x_wconf 90' lang='lat' dir='ltr'>scite</span> <span class='ocrx_word' id='word_1_104' title='bbox 481 1360 609 1401; x_wconf 83' lang='lat' dir='ltr'>calluit,</span> <span class='ocrx_word' id='word_1_105' title='bbox 643 1360 794 1395; x_wconf 87' lang='lat' dir='ltr'>melioris</span> <span class='ocrx_word' id='word_1_106' title='bbox 825 1365 859 1395; x_wconf 92' lang='lat' dir='ltr'>et</span> <span class='ocrx_word' id='word_1_107' title='bbox 888 1360 1020 1395; x_wconf 84' lang='lat' dir='ltr'>altioris</span> <span class='ocrx_word' id='word_1_108' title='bbox 1049 1360 1227 1396; x_wconf 71' lang='lat' dir='ltr'>doctrinae</span> <span class='ocrx_word' id='word_1_109' title='bbox 1260 1363 1499 1409; x_wconf 84' lang='lat' dir='ltr'>percipiendae</span> <span class='ocrx_word' id='word_1_110' title='bbox 1532 1365 1644 1411; x_wconf 84' lang='lat' dir='ltr'>gratia</span> 
     </span>
     <span class='ocr_line' id='line_1_17' title="bbox 234 1423 1644 1471; baseline 0.003 -12"><span class='ocrx_word' id='word_1_111' title='bbox 234 1425 269 1459; x_wconf 91' lang='lat' dir='ltr'>in</span> <span class='ocrx_word' id='word_1_112' title='bbox 296 1424 425 1460; x_wconf 84' lang='lat' dir='ltr'>Gallias</span> <span class='ocrx_word' id='word_1_113' title='bbox 450 1428 634 1471; x_wconf 86' lang='lat' dir='ltr'>parentum</span> <span class='ocrx_word' id='word_1_114' title='bbox 659 1436 741 1459; x_wconf 88' lang='lat' dir='ltr'>cura</span> <span class='ocrx_word' id='word_1_115' title='bbox 772 1429 807 1459; x_wconf 89' lang='lat' dir='ltr'>et</span> <span class='ocrx_word' id='word_1_116' title='bbox 837 1423 993 1471; x_wconf 78' lang='lat' dir='ltr'>impensis</span> <span class='ocrx_word' id='word_1_117' title='bbox 1018 1423 1065 1459; x_wconf 89' lang='lat' dir='ltr'>est</span> <span class='ocrx_word' id='word_1_118' title='bbox 1091 1424 1277 1470; x_wconf 62' lang='lat' dir='ltr'>profectus,</span> <span class='ocrx_word' id='word_1_119' title='bbox 1308 1426 1368 1461; x_wconf 87' lang='lat' dir='ltr'>ubi</span> <span class='ocrx_word' id='word_1_120' title='bbox 1393 1426 1429 1462; x_wconf 90' lang='lat' dir='ltr'>in</span> <span class='ocrx_word' id='word_1_121' title='bbox 1456 1428 1644 1464; x_wconf 82' lang='lat' dir='ltr'>Academia</span> 
     </span>
     <span class='ocr_line' id='line_1_18' title="bbox 234 1486 1643 1537; baseline 0.004 -16"><span class='ocrx_word' id='word_1_122' title='bbox 234 1486 408 1522; x_wconf 86' lang='lat' dir='ltr'>Parifienfi</span> <span class='ocrx_word' id='word_1_123' title='bbox 442 1491 477 1522; x_wconf 88' lang='lat' dir='ltr'>et</span> <span class='ocrx_word' id='word_1_124' title='bbox 511 1486 744 1533; x_wconf 80' lang='lat' dir='ltr'>philosophiae</span> <span class='ocrx_word' id='word_1_125' title='bbox 778 1491 813 1522; x_wconf 91' lang='lat' dir='ltr'>et</span> <span class='ocrx_word' id='word_1_126' title='bbox 846 1487 1039 1533; x_wconf 85' lang='lat' dir='ltr'>theologiae</span> <span class='ocrx_word' id='word_1_127' title='bbox 1072 1487 1220 1524; x_wconf 88' lang='lat' dir='ltr'>studuit:</span> <span class='ocrx_word' id='word_1_128' title='bbox 1255 1489 1308 1524; x_wconf 86' lang='lat' dir='ltr'>vir</span> <span class='ocrx_word' id='word_1_129' title='bbox 1340 1489 1517 1537; x_wconf 84' lang='lat' dir='ltr'>religiosae</span> <span class='ocrx_word' id='word_1_130' title='bbox 1553 1491 1643 1527; x_wconf 82' lang='lat' dir='ltr'>vitae</span> 
     </span>
     <span class='ocr_line' id='line_1_19' title="bbox 234 1550 805 1597; baseline -0.002 -11"><span class='ocrx_word' id='word_1_131' title='bbox 234 1556 269 1586; x_wconf 89' lang='lat' dir='ltr'>et</span> <span class='ocrx_word' id='word_1_132' title='bbox 293 1551 423 1586; x_wconf 85' lang='lat' dir='ltr'>multae</span> <span class='ocrx_word' id='word_1_133' title='bbox 448 1550 615 1586; x_wconf 70' lang='lat' dir='ltr'>lectionis.</span> <span class='ocrx_word' id='word_1_134' title='bbox 667 1550 805 1597; x_wconf 90' lang='lat' dir='ltr'>Scripfit</span> 
     </span>
    </p>

    <p class='ocr_par' dir='ltr' id='par_1_9' title="bbox 380 1614 771 1649">
     <span class='ocr_line' id='line_1_20' title="bbox 380 1614 771 1649; baseline 0 -1"><span class='ocrx_word' id='word_1_135' title='bbox 380 1614 639 1649; x_wconf 89' lang='lat' dir='ltr'>Problematum</span> <span class='ocrx_word' id='word_1_136' title='bbox 664 1614 721 1649; x_wconf 87' lang='lat' dir='ltr'>lib.</span> <span class='ocrx_word' id='word_1_137' title='bbox 748 1624 771 1648; x_wconf 92' lang='grc' dir='ltr'>Ι.</span> 
     </span>
    </p>

    <p class='ocr_par' dir='ltr' id='par_1_10' title="bbox 378 1677 972 1718">
     <span class='ocr_line' id='line_1_21' title="bbox 378 1677 972 1718; baseline -0.002 -6"><span class='ocrx_word' id='word_1_138' title='bbox 378 1677 616 1713; x_wconf 86' lang='lat' dir='ltr'>Conclufiones</span> <span class='ocrx_word' id='word_1_139' title='bbox 641 1677 839 1718; x_wconf 64' lang='lat' dir='ltr'>ordinarias</span> <span class='ocrx_word' id='word_1_140' title='bbox 865 1677 922 1712; x_wconf 91' lang='lat' dir='ltr'>lib.</span> <span class='ocrx_word' id='word_1_141' title='bbox 949 1688 972 1712; x_wconf 89' lang='lat'>1.</span> 
     </span>
    </p>

    <p class='ocr_par' dir='ltr' id='par_1_11' title="bbox 235 1741 1640 1855">
     <span class='ocr_line' id='line_1_22' title="bbox 380 1741 956 1788; baseline -0.002 -12"><span class='ocrx_word' id='word_1_142' title='bbox 380 1741 561 1776; x_wconf 85' lang='lat' dir='ltr'>Orationes</span> <span class='ocrx_word' id='word_1_143' title='bbox 586 1746 620 1776; x_wconf 87' lang='lat' dir='ltr'>et</span> <span class='ocrx_word' id='word_1_144' title='bbox 645 1741 811 1788; x_wconf 87' lang='lat' dir='ltr'>Epistolas</span> <span class='ocrx_word' id='word_1_145' title='bbox 836 1741 956 1775; x_wconf 79' lang='lat' dir='ltr'>varias.</span> 
     </span>
     <span class='ocr_line' id='line_1_23' title="bbox 235 1804 1640 1855; baseline 0.002 -16"><span class='ocrx_word' id='word_1_146' title='bbox 235 1804 367 1840; x_wconf 86' lang='lat' dir='ltr'>Claruit</span> <span class='ocrx_word' id='word_1_147' title='bbox 384 1816 473 1840; x_wconf 91' lang='lat' dir='ltr'>anno</span> <span class='ocrx_word' id='word_1_148' title='bbox 490 1805 668 1840; x_wconf 84' lang='lat' dir='ltr'>intimatae</span> <span class='ocrx_word' id='word_1_149' title='bbox 685 1804 778 1851; x_wconf 86' lang='lat' dir='ltr'>pacis</span> <span class='ocrx_word' id='word_1_150' title='bbox 794 1805 1010 1850; x_wconf 82' lang='lat' dir='ltr'>evangelicae</span> <span class='ocrx_word' id='word_1_151' title='bbox 1029 1806 1132 1845; x_wconf 72' lang='lat'>1340,</span> <span class='ocrx_word' id='word_1_152' title='bbox 1149 1804 1209 1840; x_wconf 91' lang='lat' dir='ltr'>sub</span> <span class='ocrx_word' id='word_1_153' title='bbox 1227 1805 1359 1842; x_wconf 89' lang='lat' dir='ltr'>Davide</span> <span class='ocrx_word' id='word_1_154' title='bbox 1376 1818 1457 1855; x_wconf 86' lang='lat' dir='ltr'>rege</span> <span class='ocrx_word' id='word_1_155' title='bbox 1474 1808 1640 1845; x_wconf 84' lang='lat' dir='ltr'>Secundo.</span> 
     </span>
    </p>
   </div>
   <div class='ocr_carea' id='block_1_7' title="bbox 666 1947 1252 1983">
    <p class='ocr_par' dir='ltr' id='par_1_12' title="bbox 666 1947 1252 1983">
     <span class='ocr_line' id='line_1_24' title="bbox 666 1947 1252 1983; baseline 0.002 -1"><span class='ocrx_word' id='word_1_156' title='bbox 666 1947 730 1982; x_wconf 89' lang='lat' dir='ltr'>DE</span> <span class='ocrx_word' id='word_1_157' title='bbox 755 1947 952 1983; x_wconf 90' lang='lat' dir='ltr'><strong>HUGONE</strong></span> <span class='ocrx_word' id='word_1_158' title='bbox 977 1947 1252 1983; x_wconf 88' lang='lat' dir='ltr'><strong>HIBERNIAE.</strong></span> 
     </span>
    </p>
   </div>
   <div class='ocr_carea' id='block_1_8' title="bbox 230 2057 1639 2362">
    <p class='ocr_par' dir='ltr' id='par_1_13' title="bbox 230 2057 1639 2362">
     <span class='ocr_line' id='line_1_25' title="bbox 233 2057 1639 2105; baseline 0.004 -14"><span class='ocrx_word' id='word_1_159' title='bbox 233 2057 340 2092; x_wconf 81' lang='lat' dir='ltr'>HUGo</span> <span class='ocrx_word' id='word_1_160' title='bbox 365 2067 414 2092; x_wconf 81' lang='lat' dir='ltr'>DE</span> <span class='ocrx_word' id='word_1_161' title='bbox 440 2057 639 2097; x_wconf 77' lang='lat' dir='ltr'>HIBERN1A‚</span> <span class='ocrx_word' id='word_1_162' title='bbox 662 2058 699 2092; x_wconf 88' lang='lat' dir='ltr'>in</span> <span class='ocrx_word' id='word_1_163' title='bbox 720 2058 976 2104; x_wconf 85' lang='lat' dir='ltr'>septentrionali</span> <span class='ocrx_word' id='word_1_164' title='bbox 997 2064 1096 2105; x_wconf 86' lang='lat' dir='ltr'>parte</span> <span class='ocrx_word' id='word_1_165' title='bbox 1118 2059 1253 2095; x_wconf 86' lang='lat' dir='ltr'>Scotiae</span> <span class='ocrx_word' id='word_1_166' title='bbox 1279 2065 1390 2102; x_wconf 86' lang='lat' dir='ltr'>natus,</span> <span class='ocrx_word' id='word_1_167' title='bbox 1415 2061 1528 2097; x_wconf 70' lang='lat' dir='ltr'>dictus</span> <span class='ocrx_word' id='word_1_168' title='bbox 1548 2062 1597 2097; x_wconf 90' lang='lat' dir='ltr'>ita</span> <span class='ocrx_word' id='word_1_169' title='bbox 1618 2074 1639 2096; x_wconf 88' lang='lat' dir='ltr'>a</span> 
     </span>
     <span class='ocr_line' id='line_1_26' title="bbox 231 2121 1639 2170; baseline 0.004 -15"><span class='ocrx_word' id='word_1_170' title='bbox 231 2122 306 2156; x_wconf 87' lang='lat' dir='ltr'>loco</span> <span class='ocrx_word' id='word_1_171' title='bbox 331 2122 446 2162; x_wconf 85' lang='lat' dir='ltr'>natali,</span> <span class='ocrx_word' id='word_1_172' title='bbox 473 2122 565 2168; x_wconf 92' lang='lat' dir='ltr'>quod</span> <span class='ocrx_word' id='word_1_173' title='bbox 589 2121 770 2167; x_wconf 88' lang='lat' dir='ltr'>scriptores</span> <span class='ocrx_word' id='word_1_174' title='bbox 794 2122 887 2157; x_wconf 87' lang='lat' dir='ltr'>aliud</span> <span class='ocrx_word' id='word_1_175' title='bbox 913 2123 985 2168; x_wconf 84' lang='lat' dir='ltr'>ejus</span> <span class='ocrx_word' id='word_1_176' title='bbox 1002 2134 1191 2168; x_wconf 83' lang='lat' dir='ltr'>cognomen</span> <span class='ocrx_word' id='word_1_177' title='bbox 1216 2123 1457 2170; x_wconf 81' lang='lat' dir='ltr'>ignoraverint,</span> <span class='ocrx_word' id='word_1_178' title='bbox 1475 2137 1496 2160; x_wconf 92' lang='lat' dir='ltr'>a</span> <span class='ocrx_word' id='word_1_179' title='bbox 1521 2125 1639 2161; x_wconf 85' lang='lat' dir='ltr'>Scoto-</span> 
     </span>
     <span class='ocr_line' id='line_1_27' title="bbox 231 2184 1636 2232; baseline 0.004 -13"><span class='ocrx_word' id='word_1_180' title='bbox 231 2184 393 2220; x_wconf 87' lang='lat' dir='ltr'>Hibernis</span> <span class='ocrx_word' id='word_1_181' title='bbox 424 2196 550 2220; x_wconf 89' lang='lat' dir='ltr'>nomen</span> <span class='ocrx_word' id='word_1_182' title='bbox 575 2190 610 2220; x_wconf 89' lang='lat' dir='ltr'>et</span> <span class='ocrx_word' id='word_1_183' title='bbox 635 2185 803 2232; x_wconf 86' lang='lat' dir='ltr'>originem</span> <span class='ocrx_word' id='word_1_184' title='bbox 831 2186 990 2225; x_wconf 81' lang='lat' dir='ltr'>trahens3</span> <span class='ocrx_word' id='word_1_185' title='bbox 1027 2186 1154 2221; x_wconf 87' lang='lat' dir='ltr'>ordinis</span> <span class='ocrx_word' id='word_1_186' title='bbox 1179 2187 1213 2222; x_wconf 89' lang='lat' dir='ltr'>S.</span> <span class='ocrx_word' id='word_1_187' title='bbox 1240 2187 1269 2222; x_wconf 88' lang='lat' dir='ltr'>F</span> <span class='ocrx_word' id='word_1_188' title='bbox 1270 2187 1410 2223; x_wconf 87' lang='lat' dir='ltr'>rancisci</span> <span class='ocrx_word' id='word_1_189' title='bbox 1440 2189 1636 2229; x_wconf 80' lang='lat' dir='ltr'>monachus,</span> 
     </span>
     <span class='ocr_line' id='line_1_28' title="bbox 230 2247 1636 2295; baseline 0.004 -13"><span class='ocrx_word' id='word_1_190' title='bbox 230 2247 289 2293; x_wconf 82' lang='lat' dir='ltr'>qui</span> <span class='ocrx_word' id='word_1_191' title='bbox 322 2252 357 2283; x_wconf 92' lang='lat' dir='ltr'>et</span> <span class='ocrx_word' id='word_1_192' title='bbox 385 2247 646 2295; x_wconf 87' lang='lat' dir='ltr'>superstitiosam</span> <span class='ocrx_word' id='word_1_193' title='bbox 682 2260 749 2294; x_wconf 91' lang='lat' dir='ltr'>qua</span> <span class='ocrx_word' id='word_1_194' title='bbox 782 2249 945 2284; x_wconf 83' lang='lat' dir='ltr'>utebatur</span> <span class='ocrx_word' id='word_1_195' title='bbox 981 2249 1116 2284; x_wconf 82' lang='lat' dir='ltr'>vivendi</span> <span class='ocrx_word' id='word_1_196' title='bbox 1150 2250 1296 2286; x_wconf 86' lang='lat' dir='ltr'>formam</span> <span class='ocrx_word' id='word_1_197' title='bbox 1332 2252 1377 2287; x_wconf 89' lang='lat' dir='ltr'>ab</span> <span class='ocrx_word' id='word_1_198' title='bbox 1405 2252 1473 2288; x_wconf 90' lang='lat' dir='ltr'>illis</span> <span class='ocrx_word' id='word_1_199' title='bbox 1509 2252 1636 2288; x_wconf 83' lang='lat' dir='ltr'>didicit.</span> 
     </span>
     <span class='ocr_line' id='line_1_29' title="bbox 230 2311 1635 2362; baseline 0.004 -16"><span class='ocrx_word' id='word_1_200' title='bbox 230 2311 404 2347; x_wconf 87' lang='lat' dir='ltr'>Prolixam</span> <span class='ocrx_word' id='word_1_201' title='bbox 433 2312 531 2348; x_wconf 87' lang='lat' dir='ltr'>valde</span> <span class='ocrx_word' id='word_1_202' title='bbox 560 2312 870 2359; x_wconf 86' lang='lat' dir='ltr'>peregrinationem</span> <span class='ocrx_word' id='word_1_203' title='bbox 900 2312 1013 2349; x_wconf 86' lang='lat' dir='ltr'>inutili</span> <span class='ocrx_word' id='word_1_204' title='bbox 1046 2313 1116 2350; x_wconf 91' lang='lat' dir='ltr'>otio</span> <span class='ocrx_word' id='word_1_205' title='bbox 1145 2325 1337 2362; x_wconf 73' lang='lat' dir='ltr'>gyrovagus</span> <span class='ocrx_word' id='word_1_206' title='bbox 1365 2315 1421 2352; x_wconf 87' lang='lat' dir='ltr'>hic</span> <span class='ocrx_word' id='word_1_207' title='bbox 1448 2316 1635 2354; x_wconf 85' lang='lat' dir='ltr'>monachus</span> 
     </span>
    </p>
   </div>
  </div>
 </body>
</html>
