1913 2692
243 196 283 222 54
634 194 696 223 DE
732 193 1064 225 SCRIPTORIBUS
1099 194 1260 225 SCOTIS.

243 283 406 329 liquidem
429 283 519 319 inter
544 284 705 325 Saxones,
732 290 767 319 et
790 284 840 319 sui
862 285 1027 331 temporis
1049 286 1167 326 cleros,
1196 286 1335 331 pietatis
1357 286 1458 321 laude
1481 287 1652 321 excelluit.

244 348 317 382 Hos
349 352 466 383 autem
498 348 637 384 honoris
669 349 796 395 gradus
830 361 899 383 non
931 354 1003 384 tam
1037 362 1080 384 ex
1113 349 1291 385 ambitioso
1322 350 1433 385 cordis
1463 351 1544 385 elati
1573 350 1654 385 defi-

245 412 339 446 derio
362 410 559 458 appetivisse
583 412 716 453 dicitur,
741 424 853 458 quam,
879 417 918 447 ut
941 413 1078 448 virtutis
1105 418 1140 447 et
1163 413 1365 448 eruditionis
1391 414 1469 449 suae
1492 414 1653 460 praemia,

245 476 368 510 merito
402 476 433 510 ei
466 476 598 510 oblatos
632 474 830 521 suscepiffe:
865 488 976 522 neque
1009 489 1091 511 vero
1124 477 1234 512 multo
1268 477 1455 513 intermisso
1488 484 1653 525 tempore,

245 539 520 574 anachoreticam
562 539 668 574 vitam
701 551 803 585 agere
838 539 969 574 summo
1003 539 1157 574 disiderio
1192 541 1348 587 expetit3
1391 541 1534 576 insulam
1574 554 1655 588 ergo

247 602 423 643 desertam,
454 603 508 638 cui
543 614 668 638 nomen
697 603 883 644 Farnenfis,
917 603 1054 638 circiter
1086 616 1209 638 novem
1242 605 1393 640 millibus
1425 604 1580 651 passuum
1613 607 1656 640 ab

247 666 427 713 episcopali
462 667 519 702 sua
549 667 626 702 sede
657 672 835 707 remotam,
866 672 901 702 et
930 668 965 702 in
1001 668 1207 703 Germanico
1240 668 1376 703 Oceano
1409 669 1514 710 fitam,
1547 670 1656 716 petiit.

247 730 305 764 ubi
332 742 498 765 manuum
522 730 659 766 suarum
684 731 801 765 labore
828 731 959 766 vietum
989 736 1024 766 et
1050 732 1216 767 amictum
1241 732 1410 767 toleravit.
1461 734 1516 768 Ab
1543 745 1658 768 eremo

247 799 363 829 autem
392 795 495 829 nullis
523 795 681 841 precibus
714 795 815 829 avelli
848 800 994 841 poterat,
1032 796 1139 831 donec
1172 797 1313 832 tandem
1342 809 1404 832 rex
1437 797 1506 843 ipse
1540 798 1576 832 iu
1609 798 1659 833 in-

247 857 355 892 sulam
387 859 569 905 trajiciens,
597 859 690 894 haud
719 871 825 905 parvo
854 860 992 906 negotio
1020 860 1084 895 hoc
1113 862 1157 896 ab
1191 873 1231 895 eo
1264 861 1470 907 impetravit.
1537 862 1659 897 Conse-

248 926 363 957 cratus
394 923 440 957 est
476 922 582 969 igitur
615 923 763 957 Eboraci
793 924 836 957 ab
868 923 1120 970 archiepiscopo
1153 924 1386 959 Cantuarienfi
1419 925 1548 960 solenni
1581 937 1660 960 con—

248 984 344 1019 cione
374 990 409 1020 et
437 986 619 1032 magnifico
644 998 684 1020 ac
710 985 839 1020 solenni
867 997 1002 1022 corona.
1066 987 1153 1022 Cum
1182 992 1299 1022 autem
1328 988 1470 1022 vixdum
1495 988 1661 1023 secundus

250 1047 461 1094 episcopatus
494 1048 544 1083 sui
578 1048 708 1095 elapsus
741 1047 824 1084 efl'et
857 1061 976 1090 annus,
1010 1051 1082 1097 ejus
1108 1051 1282 1097 pertaesus
1309 1052 1519 1087 eremiticam
1554 1053 1659 1087 vitam

250 1112 372 1158 cupide
396 1112 544 1158 repetiit,
570 1112 772 1158 pontificatu
796 1112 856 1147 suo
878 1112 997 1159 sponte
1024 1115 1191 1155 abdicato,
1221 1115 1280 1149 ubi
1306 1115 1409 1150 etiam
1437 1116 1527 1151 vitae
1554 1117 1658 1152 finem

250 1176 340 1211 fecit.
390 1177 431 1211 In
459 1176 623 1212 coenobia
648 1177 706 1212 sua
732 1177 893 1212 mulieres
917 1177 1049 1224 ingredi
1079 1190 1148 1213 non
1174 1178 1225 1213 fas
1250 1184 1333 1218 erat,
1360 1192 1403 1213 ex
1425 1179 1562 1215 decreto
1589 1180 1658 1220 suo,

251 1240 347 1286 cujus
374 1240 425 1274 rei
454 1240 624 1274 rationem
656 1240 770 1274 reddit
803 1240 1006 1276 venerabilis
1039 1242 1143 1276 Beda.
1210 1242 1363 1277 Plurima
1396 1242 1552 1288 scripfiffe
1585 1255 1661 1289 per-

252 1304 399 1345 hibetur,
417 1304 508 1338 inter
525 1315 612 1350 quae

397 1367 639 1403 Ordinationes
655 1367 733 1403 suae
751 1367 928 1408 Ecclesiae,
946 1368 1003 1403 lib.
1022 1378 1045 1402 1.

397 1432 586 1477 Praecepta
603 1431 704 1466 Vitae
722 1431 936 1471 Monasticae,
954 1431 1011 1466 lib.
1030 1442 1053 1466 1.

255 1496 295 1530 In
325 1495 484 1530 humanis
513 1493 578 1529 effe
610 1494 706 1530 defiit
740 1497 810 1530 688
844 1507 934 1530 anno
960 1495 1131 1530 humanae
1160 1496 1413 1541 redemptionis.
1469 1497 1501 1530 A
1532 1496 1661 1532 Lindis-

254 1559 352 1593 sarna
384 1558 594 1592 Dunelmum
627 1558 828 1593 transsatum
861 1558 907 1593 est
941 1558 1012 1604 ejus
1045 1570 1176 1604 corpus,
1211 1559 1282 1605 post
1321 1561 1392 1593 414
1431 1571 1538 1595 annos
1572 1562 1662 1607 quod

255 1622 422 1668 templum
448 1622 680 1657 constructum
703 1622 749 1657 est
773 1634 795 1656 a
819 1622 1002 1656 Malcolmo
1024 1633 1104 1668 rege
1131 1621 1321 1656 Scotorum.
1372 1623 1526 1659 Plurima
1547 1630 1663 1659 autem

256 1686 385 1732 templa
417 1686 608 1721 Cuthberto
642 1686 763 1726 dicata,
797 1685 833 1720 in
866 1685 1070 1721 hodiernum
1108 1685 1213 1731 usque
1253 1685 1344 1720 diem
1376 1688 1468 1732 apud
1500 1687 1664 1723 nostrates

257 1750 535 1796 conspiciuntur;
565 1762 608 1784 ex
637 1749 690 1784 his
719 1761 827 1784 unum
855 1761 962 1796 prope
991 1749 1238 1795 Edinburgum,
1269 1749 1449 1795 antiquum
1478 1750 1563 1786 illud
1592 1751 1665 1797 qui-

257 1814 344 1854 dem,
362 1814 464 1860 vulgo
482 1813 700 1849 Occidentale
718 1813 907 1859 Templum.
958 1813 1090 1848 Claruit
1107 1812 1167 1847 sub
1184 1813 1339 1860 Eugenio
1357 1813 1496 1855 Quinto.

816 1953 879 1989 DE
905 1955 1110 1992 KILIANO.

261 2067 454 2106 KILIANUS‚
484 2066 539 2101 vel
569 2065 754 2106 Chilianus,
784 2065 964 2101 Scotorum
990 2079 1116 2113 genere
1144 2067 1314 2103 nobilibus
1341 2073 1436 2103 ortus
1460 2070 1668 2115 parentibus,

260 2143 281 2166 a
303 2129 451 2176 pueritia
476 2129 673 2165 liberalibus
702 2129 818 2165 studiis
843 2130 1011 2171 traditum
1039 2135 1146 2176 utque
1176 2136 1250 2166 erat
1275 2131 1365 2166 felici
1390 2136 1425 2166 et
1449 2133 1670 2178 praecellenti

261 2194 398 2241 ingenio
424 2194 607 2240 praeditus,
637 2194 824 2229 studiorum
849 2205 1033 2240 rerumque
1060 2195 1214 2229 omnium
1240 2195 1410 2230 eruditam
1440 2196 1670 2242 cognitionem

262 2256 429 2293 affecutus
456 2257 511 2298 est,
542 2270 645 2304 quam
673 2269 755 2293 mox
788 2258 889 2304 longe
919 2257 1181 2304 splendidiorem
1209 2257 1337 2293 dabant
1369 2257 1546 2305 singularis
1579 2260 1670 2295 vitae
