1913 2692
292 224 333 252 80
683 222 745 252 DE
783 222 1115 254 SCRIPTORIBUS
1153 223 1315 253 SCOTIS.

294 313 496 360 penetravit,
523 313 677 359 adeoque
702 311 905 347 inceffanter
930 312 1025 347 libris
1049 313 1190 348 inhaesit
1216 319 1254 348 ut
1279 314 1418 348 tandem
1444 314 1491 349 ibi
1514 314 1705 361 supremam

292 378 326 411 in
357 377 449 412 sacra
482 376 656 422 theologia
682 377 835 411 lauream
862 375 901 410 fit
936 376 1144 417 consecutus,
1179 377 1275 412 simul
1302 378 1337 411 in
1374 390 1414 412 ea
1439 378 1574 413 sublimi
1603 379 1706 413 facul-

291 446 363 475 tate
394 441 515 475 doetor
544 444 687 479 creatus,
712 444 747 473 et
776 437 939 484 profeffor
964 439 1097 481 faetus3
1129 446 1271 486 eratque
1300 441 1444 475 Joannis
1474 442 1571 476 Duns
1601 442 1703 481 Scoti,

293 503 435 538 Subtilis
465 503 636 542 anm-is,
668 502 817 537 see'tator
846 502 999 548 diligens,
1034 502 1170 549 ejusque
1201 504 1347 550 vestigiis
1376 503 1524 540 insistens
1551 505 1705 540 defensor

292 567 455 601 strenuus.
506 566 587 600 Fuit
617 565 721 600 etiam
751 576 839 599 unus
869 577 912 599 ex
943 565 1138 611 quindecim
1167 568 1359 613 praecipuis
1386 569 1584 604 doe‘coribus
1613 569 1704 603 illius

293 630 429 669 ordinis,
459 629 518 675 qui
545 629 580 663 in
608 628 754 663 circuitu
778 627 948 673 sepulchri
974 630 1119 674 praefati
1147 631 1245 664 Duns
1274 631 1468 666 nominibus
1497 633 1567 667 aeri
1595 632 1703 666 inc-ilis

294 694 464 739 leguntur,
496 693 531 726 in
560 691 697 727 ecelesia
730 696 917 726 conventus
946 693 1072 727 veteris
1100 693 1275 728 Minorum
1308 695 1479 730 Coloniae.
1539 696 1601 730 Vir
1633 697 1703 742 pie-

291 757 372 792 tatis
404 762 439 792 et
468 756 669 792 eruditionis
695 756 806 791 titulis
834 756 893 790 suo
922 762 1077 802 tempore
1107 769 1175 792 non
1202 758 1390 799 incelebris,
1419 764 1455 793 et
1487 764 1562 793 tum
1597 759 1704 794 divin-

292 833 389 856 arum
419 827 494 855 tum
522 820 724 856 secularium
753 820 932 855 literarum
960 819 1092 866 seriptis
1118 821 1280 866 legendis,
1311 821 1504 859 scribendis„
1531 822 1705 857 imitandis

292 886 440 920 multum
468 884 628 919 deditus:
656 884 736 918 hine
760 884 910 930 plurima
936 884 1064 930 ingenii
1091 884 1140 918 sui
1165 890 1389 920 monumenta
1417 885 1603 920 admodum
1630 885 1705 920 sub-

291 950 365 984 tilia
399 955 433 984 et
466 948 698 995 philosophica
738 948 926 994 posteritati
968 952 1133 982 venturae
1175 948 1323 994 reliquit,
1366 949 1456 982 inter
1499 961 1586 994 quae
1621 949 1705 983 haec

293 1014 446 1059 subjeeta
463 1013 639 1048 feruntiuw

436 1076 692 1111 Commentaria
708 1076 744 1110 in
762 1075 867 1110 libros
885 1082 1032 1121 quatuor
1050 1075 1199 1121 Magistri
1219 1075 1484 1110 Sententiarum.

436 1141 524 1174 Item
542 1139 758 1180 Quodlibeta.

435 1204 463 1237 F
466 1203 676 1237 ormalitates
694 1202 735 1235 de
753 1200 974 1247 Expofitione
992 1202 1195 1236 Divinorum
1214 1203 1409 1237 Nominum.

436 1268 487 1301 De
505 1266 622 1300 Primo
640 1265 821 1311 Principio.

438 1329 747 1376 Quadragefimale,
767 1334 802 1363 et
819 1328 1002 1363 Sermones
1019 1328 1061 1363 de
1079 1328 1224 1363 Sanetis.

436 1395 489 1429 De
510 1395 718 1439 Paupertate
737 1392 859 1427 Christi
878 1398 912 1427 et
931 1392 1181 1438 Apostolorum.

435 1459 487 1492 De
507 1458 702 1492 Virtutibus
720 1462 754 1491 et
772 1456 874 1491 Vitiis
892 1456 1112 1502 Capitalibus.

435 1523 488 1556 De
508 1522 660 1567 Angelis.

438 1586 490 1620 De
508 1585 637 1631 septem
655 1584 763 1618 Donis
780 1583 929 1629 Spiritus
947 1583 1074 1618 Santffi.

291 1650 335 1684 Et
362 1649 429 1684 alia
458 1649 533 1695 lege
561 1648 597 1682 in
623 1647 736 1682 nostro
766 1647 932 1693 Catalogo
961 1646 1175 1691 Scriptorum
1202 1645 1333 1680 nostrae
1361 1646 1491 1680 Gentis.
1554 1646 1703 1681 Naturae

290 1718 405 1747 autem
442 1711 534 1747 cellit
570 1723 660 1746 anno
693 1710 824 1757 gratiae
860 1712 962 1750 1320,
997 1710 1079 1744 dum
1113 1709 1238 1744 Seotici
1271 1710 1368 1755 regni
1403 1710 1535 1744 clavum
1570 1715 1703 1746 teneret

291 1777 464 1810 Robertus
484 1775 630 1815 Primus,
648 1779 875 1821 cognomento
892 1772 1053 1808 Bruffius.

649 1918 712 1952 DE
739 1917 977 1953 HERVAEO,
1005 1917 1110 1950 SIVE
1137 1915 1339 1951 HERISIO.

293 2031 514 2070 HERVAEUS,
549 2029 614 2064 five
647 2028 807 2069 Herifius,
841 2028 974 2063 Natalis
1007 2027 1129 2068 dffitus,
1163 2027 1301 2062 natione
1336 2027 1465 2068 Sootus,
1501 2040 1542 2062 ex
1572 2030 1701 2064 vetusta

289 2094 418 2129 familia
464 2092 683 2132 Herifiorum,
726 2092 828 2138 vulgo
867 2091 1004 2132 Hal-vie,
1042 2091 1078 2125 in
1116 2090 1245 2130 Infulis,
1291 2090 1382 2125 inter
1422 2091 1616 2132 monachos
1662 2098 1700 2126 ut

293 2158 489 2197 Godwhms,
525 2157 752 2203 Dempstems
786 2153 1100 2195 Malmeiburienfis,
1135 2153 1374 2191 Bellarminus,
1407 2154 1594 2189 monachus
1623 2154 1701 2189 Pas-

294 2221 436 2265 latenfis,
468 2227 502 2256 et
536 2221 593 2255 alii
626 2220 801 2260 testantur,
844 2218 1075 2255 Melrofienses
1112 2217 1285 2256 educatus,
1323 2216 1436 2262 postea
1468 2218 1511 2252 ad
1548 2218 1700 2264 Bangor-

291 2285 367 2319 ense
407 2284 608 2319 coenobium
650 2283 833 2318 transsatus
868 2282 923 2317 est.
986 2283 1041 2317 Ab
1082 2280 1307 2317 adolescentia
1347 2281 1381 2314 in
1420 2280 1537 2316 studiis
1573 2282 1699 2317 artium
