1913 2692
621 191 682 220 DE
716 190 1051 220 SCRIPTORIBUS
1089 192 1252 221 SCOTIS.
1619 198 1660 224 813

238 281 403 328 exquisiti,
448 287 671 326 veterumque
706 280 983 325 jurisperitorum
1027 286 1061 315 ct
1102 281 1341 327 theologorum
1391 283 1539 318 lectione
1582 297 1661 319 con-

238 347 374 386 firmati,
401 346 493 392 quod
520 344 656 379 abunde
685 344 866 378 ostendunt
896 344 1152 379 lucubrationes
1186 345 1259 391 ejus
1288 346 1323 379 in
1358 346 1451 380 omni
1481 347 1659 382 do&rinae

236 423 361 457 genere
396 410 431 444 in
464 408 641 455 publicum
672 407 794 442 editae.
863 408 929 442 Hic
959 409 1108 449 tandem,
1140 415 1179 444 ut
1211 410 1336 444 Baleus
1370 410 1485 450 refert,
1521 412 1659 445 nomine

236 473 438 508 eruditionis
465 477 499 506 et
529 471 675 506 aliarum
706 472 884 509 virtutum,
915 472 968 506 vel
997 473 1088 519 apud
1116 473 1223 519 ipsum
1257 474 1465 509 Edwardum
1494 475 1658 512 Tertium,

237 538 295 584 qui
321 543 397 572 tum
425 536 547 583 Anglis
570 536 821 575 dominabatur,
851 537 885 570 in
913 549 1038 583 magno
1062 538 1174 583 pretio
1204 538 1291 578 fuit;
1317 551 1338 573 a
1366 551 1433 584 quo
1460 539 1565 574 etiam
1590 551 1659 573 non

198 638 202 643 ,
235 603 337 649 longo
370 602 443 648 post
476 607 632 648 tempore
667 602 919 637 Lichfeldicnfis
953 602 1213 637 archidiaconus
1246 603 1405 649 primum,
1444 604 1557 649 postea
1590 604 1659 638 Ox-

235 665 378 700 onienfis
418 665 581 712 gymnasii
624 666 774 700 summus
817 666 1049 706 cancellarius,
1089 678 1128 700 ac
1164 666 1338 701 novissime
1382 667 1657 714 archiepiscopus

236 730 476 765 Armachanus
514 730 550 764 in
590 730 757 764 Hibernia
800 729 1051 775 designabatur.
1119 731 1206 766 Toto
1249 732 1354 766 etiam
1394 732 1459 766 hoc
1501 737 1657 778 tempore

235 793 371 841 pessime
422 794 453 829 ei
501 806 580 828 cum
623 794 889 829 fraterculorum
929 793 1200 828 mendicantium
1242 795 1420 830 ordinibus
1465 796 1656 835 convenit·,

234 859 346 893 acrius
376 858 541 904 liquidem
569 858 605 892 in
632 858 777 904 publicis
805 858 1012 892 lectionibus
1041 862 1077 891 et
1106 857 1327 892 concionibus
1356 858 1432 899 suis,
1462 859 1532 894 imo
1560 865 1594 894 et
1622 860 1657 894 in

234 922 407 957 nonnullis
441 922 537 957 libris
572 922 683 961 editis,
718 934 838 956 eorum
872 921 1018 968 ineptias
1052 922 1225 967 carpebat,
1260 928 1295 956 et
1330 922 1405 958 illas
1439 922 1549 958 sectas
1582 929 1658 959 tan-

233 1000 336 1034 quam
361 988 457 1022 fucos
483 993 517 1021 et
543 986 678 1021 telluris
706 987 841 1021 inutilia
870 986 1023 1032 pondera
1048 985 1280 1031 explodendas
1310 987 1550 1022 contendebat.
1602 988 1656 1022 Illi

233 1063 313 1085 vero
341 1052 433 1086 hunc
467 1050 645 1086 haereseos
682 1051 772 1097 apud
809 1051 1006 1085 Romanum
1039 1050 1238 1096 pontificem
1273 1050 1485 1086 accusarunt.
1556 1052 1657 1087 Com-

231 1115 430 1162 parentibus
464 1127 546 1161 ergo
580 1120 653 1150 tam
689 1115 942 1161 archiepiscopo
977 1127 1081 1160 quam
1114 1114 1279 1150 fratribus
1322 1115 1500 1150 Avenione
1540 1128 1655 1151 coram

232 1192 319 1226 papa
348 1179 550 1214 Innocentio
581 1179 687 1214 Sexto
713 1184 748 1213 et
772 1178 1011 1218 cardinalibus,
1042 1178 1178 1225 publice
1209 1179 1363 1225 protulit,
1394 1179 1487 1226 legit,
1514 1185 1548 1214 et
1578 1192 1655 1226 pro-

232 1244 407 1278 nunciavit
434 1244 621 1278 earundem
650 1243 925 1289 Propofitionum
951 1242 1088 1278 suarum
1106 1243 1163 1278 lib.
1184 1254 1206 1277 Ι.

377 1309 560 1343 Sermones
577 1309 682 1343 etiam
700 1308 836 1354 scripsit,
855 1308 912 1342 lib.
932 1319 954 1341 Ι.

376 1372 597 1414 Quaestiones
615 1373 882 1413 Sententiarum,
901 1372 958 1407 lib.
977 1382 1027 1407 IV.

376 1436 548 1471 Adversus
566 1437 710 1472 Errores
728 1437 982 1477 Armeniorum,
1001 1436 1059 1471 lib.
1078 1446 1185 1470 XXIX,

376 1502 507 1536 Contra
525 1501 664 1536 Fratres
682 1501 928 1541 Mendicantes,
947 1501 1004 1535 lib.
1023 1509 1101 1534 XVI.

375 1565 428 1599 De
446 1565 656 1611 Paupertate
675 1565 876 1605 Servatoris,
895 1565 953 1599 lib.
971 1575 1038 1599 VII.

375 1629 623 1664 Illustrationes
641 1629 918 1675 Evangeliorum,
937 1629 994 1663 lib.
1013 1639 1064 1662 IV.

379 1693 543 1739 Dialogos
560 1693 686 1739 plures.

376 1757 428 1791 De
447 1757 702 1792 Intentionibus
718 1757 741 1791 J
744 1757 940 1791 udaeorum.

375 1821 427 1855 De
444 1821 467 1855 J
470 1833 531 1855 ure
549 1821 738 1867 Spirituali,
758 1821 816 1856 lib.

373 1886 556 1920 Sermones
573 1886 616 1920 ad
635 1886 781 1920 Crucem
799 1885 907 1925 Pauli,
926 1885 983 1919 lib.
1002 1895 1024 1918 1.

375 1949 558 1985 Sermones
576 1962 691 1985 coram
710 1949 888 1990 Pontifice,
906 1949 964 1984 lib.
985 1960 1008 1984 1.

373 2013 426 2048 De
445 2013 547 2049 Statu
563 2014 745 2049 universali
763 2013 940 2054 Ecclesiae,
959 2013 1015 2048 lib.
1034 2023 1056 2047 Ι.

229 2077 273 2111 Et
298 2077 365 2112 alia
389 2078 500 2113 multa
524 2077 661 2124 scripsit,
691 2089 778 2124 quae
804 2077 938 2124 plenius
963 2089 983 2111 a
1008 2076 1108 2111 nobis
1133 2082 1380 2112 enumerantur
1408 2077 1501 2112 alibi.
1555 2079 1649 2115 Obiit

229 2140 329 2176 senex
359 2142 545 2177 admodum
582 2142 760 2177 Avenione
794 2143 840 2176 20
876 2141 930 2176 die
965 2141 1169 2176 Novembris
1208 2153 1299 2176 anno
1334 2140 1497 2176 salutiferi
1531 2148 1649 2189 partus

232 2207 332 2245 1359,
351 2205 411 2241 sub
430 2206 563 2242 Davide
583 2207 751 2247 Secundo,
771 2206 954 2241 Scotorum
971 2216 1061 2252 rege.
