<?xml version="1.0" encoding="UTF-8"?>
<!DOCTYPE html PUBLIC "-//W3C//DTD XHTML 1.0 Transitional//EN"
    "http://www.w3.org/TR/xhtml1/DTD/xhtml1-transitional.dtd">
<html xmlns="http://www.w3.org/1999/xhtml" xml:lang="en" lang="en">
 <head>
  <title>
</title>
<meta http-equiv="Content-Type" content="text/html;charset=utf-8" />
  <meta name='ocr-system' content='tesseract 3.04.00' />
  <meta name='ocr-capabilities' content='ocr_page ocr_carea ocr_par ocr_line ocrx_word'/>
</head>
<body>
  <div class='ocr_page' id='page_1' title='image "./davidisbuchanani00bann_0054.png"; bbox 0 0 1913 2692; ppageno 0'>
   <div class='ocr_carea' id='block_1_1' title="bbox 213 234 1228 271">
    <p class='ocr_par' dir='ltr' id='par_1_1' title="bbox 213 234 1228 271">
     <span class='ocr_line' id='line_1_1' title="bbox 213 234 1228 271; baseline -0.008 0"><span class='ocrx_word' id='word_1_1' title='bbox 213 243 254 271; x_wconf 75' lang='lat'>32</span> <span class='ocrx_word' id='word_1_2' title='bbox 625 237 685 267; x_wconf 88' lang='lat' dir='ltr'>DE</span> <span class='ocrx_word' id='word_1_3' title='bbox 711 235 1042 267; x_wconf 85' lang='lat' dir='ltr'>SCRIPTORIBUS</span> <span class='ocrx_word' id='word_1_4' title='bbox 1067 234 1228 265; x_wconf 87' lang='lat' dir='ltr'>SCOTIS.</span> 
     </span>
    </p>
   </div>
   <div class='ocr_carea' id='block_1_2' title="bbox 214 322 1626 752">
    <p class='ocr_par' dir='ltr' id='par_1_2' title="bbox 214 322 1625 506">
     <span class='ocr_line' id='line_1_2' title="bbox 217 322 1622 377; baseline -0.009 -10"><span class='ocrx_word' id='word_1_5' title='bbox 217 333 347 367; x_wconf 88' lang='lat' dir='ltr'>Eorum</span> <span class='ocrx_word' id='word_1_6' title='bbox 382 343 468 377; x_wconf 85' lang='lat' dir='ltr'>quae</span> <span class='ocrx_word' id='word_1_7' title='bbox 504 328 688 375; x_wconf 72' lang='lat' dir='ltr'>scrisperat,</span> <span class='ocrx_word' id='word_1_8' title='bbox 727 327 853 374; x_wconf 83' lang='lat' dir='ltr'>partim</span> <span class='ocrx_word' id='word_1_9' title='bbox 894 326 1059 372; x_wconf 84' lang='lat' dir='ltr'>temporis</span> <span class='ocrx_word' id='word_1_10' title='bbox 1100 324 1231 370; x_wconf 81' lang='lat' dir='ltr'>injuria,</span> <span class='ocrx_word' id='word_1_11' title='bbox 1274 323 1399 369; x_wconf 84' lang='lat' dir='ltr'>partim</span> <span class='ocrx_word' id='word_1_12' title='bbox 1442 322 1622 357; x_wconf 88' lang='lat' dir='ltr'>hominum</span> 
     </span>
     <span class='ocr_line' id='line_1_3' title="bbox 214 385 1625 438; baseline -0.009 -7"><span class='ocrx_word' id='word_1_13' title='bbox 214 396 355 435; x_wconf 85' lang='lat' dir='ltr'>incuria,</span> <span class='ocrx_word' id='word_1_14' title='bbox 392 393 556 429; x_wconf 85' lang='lat' dir='ltr'>nonnulla</span> <span class='ocrx_word' id='word_1_15' title='bbox 586 392 788 438; x_wconf 79' lang='lat' dir='ltr'>perierunt;</span> <span class='ocrx_word' id='word_1_16' title='bbox 826 391 910 425; x_wconf 87' lang='lat' dir='ltr'>haec</span> <span class='ocrx_word' id='word_1_17' title='bbox 940 390 1090 435; x_wconf 82' lang='lat' dir='ltr'>subjecta</span> <span class='ocrx_word' id='word_1_18' title='bbox 1118 393 1253 422; x_wconf 80' lang='lat' dir='ltr'>tantum</span> <span class='ocrx_word' id='word_1_19' title='bbox 1283 387 1326 421; x_wconf 85' lang='lat' dir='ltr'>ad</span> <span class='ocrx_word' id='word_1_20' title='bbox 1356 386 1504 421; x_wconf 85' lang='lat' dir='ltr'>nostram</span> <span class='ocrx_word' id='word_1_21' title='bbox 1537 385 1625 419; x_wconf 89' lang='lat' dir='ltr'>noti-</span> 
     </span>
     <span class='ocr_line' id='line_1_4' title="bbox 215 461 558 506; baseline -0.012 -11"><span class='ocrx_word' id='word_1_22' title='bbox 215 461 298 495; x_wconf 83' lang='lat' dir='ltr'>tiam</span> <span class='ocrx_word' id='word_1_23' title='bbox 318 462 558 506; x_wconf 82' lang='lat' dir='ltr'>pervenerunt.</span> 
     </span>
    </p>

    <p class='ocr_par' dir='ltr' id='par_1_3' title="bbox 361 518 1007 567">
     <span class='ocr_line' id='line_1_5' title="bbox 361 518 1007 567; baseline -0.011 -10"><span class='ocrx_word' id='word_1_24' title='bbox 361 523 416 557; x_wconf 93' lang='lat' dir='ltr'>Ad</span> <span class='ocrx_word' id='word_1_25' title='bbox 434 520 679 567; x_wconf 86' lang='lat' dir='ltr'>Amphibalum</span> <span class='ocrx_word' id='word_1_26' title='bbox 697 518 866 564; x_wconf 85' lang='lat' dir='ltr'>Epistolae</span> <span class='ocrx_word' id='word_1_27' title='bbox 883 518 1007 563; x_wconf 83' lang='lat' dir='ltr'>plures.</span> 
     </span>
    </p>

    <p class='ocr_par' dir='ltr' id='par_1_4' title="bbox 218 580 1626 752">
     <span class='ocr_line' id='line_1_6' title="bbox 362 580 986 626; baseline -0.011 -6"><span class='ocrx_word' id='word_1_28' title='bbox 362 586 417 620; x_wconf 89' lang='lat' dir='ltr'>Ad</span> <span class='ocrx_word' id='word_1_29' title='bbox 439 583 637 619; x_wconf 83' lang='lat' dir='ltr'>Cornelium</span> <span class='ocrx_word' id='word_1_30' title='bbox 655 582 811 616; x_wconf 79' lang='lat' dir='ltr'>Tacitum</span> <span class='ocrx_word' id='word_1_31' title='bbox 829 580 986 626; x_wconf 89' lang='lat' dir='ltr'>Epistola.</span> 
     </span>
     <span class='ocr_line' id='line_1_7' title="bbox 219 639 1626 693; baseline -0.009 -8"><span class='ocrx_word' id='word_1_32' title='bbox 219 652 324 685; x_wconf 88' lang='lat' dir='ltr'>Plura</span> <span class='ocrx_word' id='word_1_33' title='bbox 350 661 429 684; x_wconf 89' lang='lat' dir='ltr'>eum</span> <span class='ocrx_word' id='word_1_34' title='bbox 459 645 615 693; x_wconf 82' lang='lat' dir='ltr'>seripfiffe</span> <span class='ocrx_word' id='word_1_35' title='bbox 648 646 741 680; x_wconf 87' lang='lat' dir='ltr'>haud</span> <span class='ocrx_word' id='word_1_36' title='bbox 763 645 906 680; x_wconf 88' lang='lat' dir='ltr'>dubium</span> <span class='ocrx_word' id='word_1_37' title='bbox 933 643 988 678; x_wconf 89' lang='lat' dir='ltr'>est.</span> <span class='ocrx_word' id='word_1_38' title='bbox 1050 642 1182 677; x_wconf 81' lang='lat' dir='ltr'>Claruit</span> <span class='ocrx_word' id='word_1_39' title='bbox 1214 652 1304 675; x_wconf 88' lang='lat' dir='ltr'>anno</span> <span class='ocrx_word' id='word_1_40' title='bbox 1337 640 1408 686; x_wconf 90' lang='lat' dir='ltr'>post</span> <span class='ocrx_word' id='word_1_41' title='bbox 1436 639 1626 674; x_wconf 75' lang='lat' dir='ltr'>Servatoris</span> 
     </span>
     <span class='ocr_line' id='line_1_8' title="bbox 218 704 1337 752; baseline -0.01 -4"><span class='ocrx_word' id='word_1_42' title='bbox 218 715 402 748; x_wconf 75' lang='lat' dir='ltr'>adventum</span> <span class='ocrx_word' id='word_1_43' title='bbox 421 712 456 746; x_wconf 90' lang='lat' dir='ltr'>in</span> <span class='ocrx_word' id='word_1_44' title='bbox 474 722 612 746; x_wconf 85' lang='lat' dir='ltr'>carnem</span> <span class='ocrx_word' id='word_1_45' title='bbox 631 711 676 744; x_wconf 78' lang='lat'>28</span> <span class='ocrx_word' id='word_1_46' title='bbox 683 712 713 746; x_wconf 82' lang='lat'>6,</span> <span class='ocrx_word' id='word_1_47' title='bbox 732 708 792 743; x_wconf 94' lang='lat' dir='ltr'>sub</span> <span class='ocrx_word' id='word_1_48' title='bbox 810 707 1030 743; x_wconf 78' lang='lat' dir='ltr'>Crathlintho</span> <span class='ocrx_word' id='word_1_49' title='bbox 1047 717 1127 752; x_wconf 82' lang='lat' dir='ltr'>rege</span> <span class='ocrx_word' id='word_1_50' title='bbox 1147 704 1337 739; x_wconf 77' lang='lat' dir='ltr'>Scotorum.</span> 
     </span>
    </p>
   </div>
   <div class='ocr_carea' id='block_1_3' title="bbox 718 849 1130 886">
    <p class='ocr_par' dir='ltr' id='par_1_5' title="bbox 718 849 1130 886">
     <span class='ocr_line' id='line_1_9' title="bbox 718 849 1130 886; baseline -0.007 0"><span class='ocrx_word' id='word_1_51' title='bbox 718 853 781 886; x_wconf 90' lang='lat' dir='ltr'>DE</span> <span class='ocrx_word' id='word_1_52' title='bbox 820 849 1130 886; x_wconf 86' lang='lat' dir='ltr'><strong>HILDEBERTO.</strong></span> 
     </span>
    </p>
   </div>
   <div class='ocr_carea' id='block_1_4' title="bbox 222 957 1640 2337">
    <p class='ocr_par' dir='ltr' id='par_1_6' title="bbox 222 957 1640 2083">
     <span class='ocr_line' id='line_1_10' title="bbox 224 957 1632 1010; baseline -0.009 -8"><span class='ocrx_word' id='word_1_53' title='bbox 224 968 494 1005; x_wconf 64' lang='lat' dir='ltr'>Hunssssssmus,</span> <span class='ocrx_word' id='word_1_54' title='bbox 520 963 803 1010; x_wconf 83' lang='lat' dir='ltr'>Archiepiscopus</span> <span class='ocrx_word' id='word_1_55' title='bbox 830 963 1020 1002; x_wconf 79' lang='lat' dir='ltr'>Scotorum,</span> <span class='ocrx_word' id='word_1_56' title='bbox 1046 973 1088 995; x_wconf 82' lang='lat' dir='ltr'>ex</span> <span class='ocrx_word' id='word_1_57' title='bbox 1114 960 1313 999; x_wconf 85' lang='lat' dir='ltr'>Trithemio,</span> <span class='ocrx_word' id='word_1_58' title='bbox 1342 959 1458 997; x_wconf 84' lang='lat' dir='ltr'>Baleo,</span> <span class='ocrx_word' id='word_1_59' title='bbox 1484 957 1632 1003; x_wconf 83' lang='lat' dir='ltr'>aliisque,</span> 
     </span>
     <span class='ocr_line' id='line_1_11' title="bbox 222 1020 1633 1069; baseline -0.006 -3"><span class='ocrx_word' id='word_1_60' title='bbox 222 1032 359 1066; x_wconf 83' lang='lat' dir='ltr'>natione</span> <span class='ocrx_word' id='word_1_61' title='bbox 386 1031 517 1066; x_wconf 74' lang='lat' dir='ltr'>Scotus,</span> <span class='ocrx_word' id='word_1_62' title='bbox 547 1041 589 1063; x_wconf 79' lang='lat' dir='ltr'>ex</span> <span class='ocrx_word' id='word_1_63' title='bbox 619 1026 849 1063; x_wconf 66' lang='lat' dir='ltr'>Collefflzaneis</span> <span class='ocrx_word' id='word_1_64' title='bbox 874 1024 1022 1060; x_wconf 85' lang='lat' dir='ltr'>Gilberti</span> <span class='ocrx_word' id='word_1_65' title='bbox 1048 1023 1167 1063; x_wconf 80' lang='lat' dir='ltr'>Bruni,</span> <span class='ocrx_word' id='word_1_66' title='bbox 1194 1022 1394 1069; x_wconf 85' lang='lat' dir='ltr'>Dempsteri,</span> <span class='ocrx_word' id='word_1_67' title='bbox 1417 1026 1451 1055; x_wconf 78' lang='lat' dir='ltr'>et</span> <span class='ocrx_word' id='word_1_68' title='bbox 1479 1020 1633 1057; x_wconf 69' lang='lat' dir='ltr'>aliorum,</span> 
     </span>
     <span class='ocr_line' id='line_1_12' title="bbox 223 1084 1637 1141; baseline -0.008 -12"><span class='ocrx_word' id='word_1_69' title='bbox 223 1099 425 1141; x_wconf 80' lang='lat' dir='ltr'>praeceptor</span> <span class='ocrx_word' id='word_1_70' title='bbox 448 1093 554 1128; x_wconf 89' lang='lat' dir='ltr'>Coelii</span> <span class='ocrx_word' id='word_1_71' title='bbox 580 1091 711 1126; x_wconf 84' lang='lat' dir='ltr'>Sedulii</span> <span class='ocrx_word' id='word_1_72' title='bbox 733 1090 835 1127; x_wconf 81' lang='lat' dir='ltr'>Scoti,</span> <span class='ocrx_word' id='word_1_73' title='bbox 860 1090 1070 1124; x_wconf 85' lang='lat' dir='ltr'>Graecorum</span> <span class='ocrx_word' id='word_1_74' title='bbox 1093 1086 1250 1132; x_wconf 76' lang='lat' dir='ltr'>episcopi,</span> <span class='ocrx_word' id='word_1_75' title='bbox 1276 1091 1311 1121; x_wconf 82' lang='lat' dir='ltr'>et</span> <span class='ocrx_word' id='word_1_76' title='bbox 1334 1084 1516 1131; x_wconf 87' lang='lat' dir='ltr'>discipulus</span> <span class='ocrx_word' id='word_1_77' title='bbox 1543 1084 1637 1118; x_wconf 81' lang='lat' dir='ltr'>Nini-</span> 
     </span>
     <span class='ocr_line' id='line_1_13' title="bbox 223 1150 1639 1201; baseline -0.008 -8"><span class='ocrx_word' id='word_1_78' title='bbox 223 1159 279 1192; x_wconf 87' lang='lat' dir='ltr'>ani</span> <span class='ocrx_word' id='word_1_79' title='bbox 312 1157 486 1192; x_wconf 84' lang='lat' dir='ltr'>Candidae</span> <span class='ocrx_word' id='word_1_80' title='bbox 521 1155 624 1191; x_wconf 80' lang='lat' dir='ltr'>Casae</span> <span class='ocrx_word' id='word_1_81' title='bbox 667 1154 822 1201; x_wconf 81' lang='lat' dir='ltr'>episcopi,</span> <span class='ocrx_word' id='word_1_82' title='bbox 865 1165 933 1187; x_wconf 87' lang='lat' dir='ltr'>non</span> <span class='ocrx_word' id='word_1_83' title='bbox 975 1157 1091 1186; x_wconf 79' lang='lat' dir='ltr'>autem</span> <span class='ocrx_word' id='word_1_84' title='bbox 1134 1150 1344 1196; x_wconf 82' lang='lat' dir='ltr'>Berengarii,</span> <span class='ocrx_word' id='word_1_85' title='bbox 1380 1155 1418 1183; x_wconf 81' lang='lat' dir='ltr'>ut</span> <span class='ocrx_word' id='word_1_86' title='bbox 1459 1161 1639 1195; x_wconf 81' lang='lat' dir='ltr'>perperam</span> 
     </span>
     <span class='ocr_line' id='line_1_14' title="bbox 224 1212 1638 1259; baseline -0.008 -2"><span class='ocrx_word' id='word_1_87' title='bbox 224 1222 337 1257; x_wconf 81' lang='lat' dir='ltr'>afferit</span> <span class='ocrx_word' id='word_1_88' title='bbox 359 1220 586 1259; x_wconf 75' lang='lat' dir='ltr'>Trithemius3</span> <span class='ocrx_word' id='word_1_89' title='bbox 612 1224 671 1253; x_wconf 81' lang='lat' dir='ltr'>aut</span> <span class='ocrx_word' id='word_1_90' title='bbox 694 1218 785 1252; x_wconf 84' lang='lat' dir='ltr'>enim</span> <span class='ocrx_word' id='word_1_91' title='bbox 810 1217 901 1251; x_wconf 86' lang='lat' dir='ltr'>huuc</span> <span class='ocrx_word' id='word_1_92' title='bbox 925 1215 1075 1250; x_wconf 80' lang='lat' dir='ltr'>nostrum</span> <span class='ocrx_word' id='word_1_93' title='bbox 1100 1214 1341 1249; x_wconf 81' lang='lat' dir='ltr'>Hildebertum</span> <span class='ocrx_word' id='word_1_94' title='bbox 1367 1212 1535 1247; x_wconf 85' lang='lat' dir='ltr'>diversum</span> <span class='ocrx_word' id='word_1_95' title='bbox 1557 1213 1638 1246; x_wconf 80' lang='lat' dir='ltr'>facit</span> 
     </span>
     <span class='ocr_line' id='line_1_15' title="bbox 224 1276 1640 1330; baseline -0.008 -10"><span class='ocrx_word' id='word_1_96' title='bbox 224 1300 243 1320; x_wconf 69' lang='lat' dir='ltr'>a</span> <span class='ocrx_word' id='word_1_97' title='bbox 268 1284 510 1321; x_wconf 75' lang='lat' dir='ltr'>Cenonianenfi</span> <span class='ocrx_word' id='word_1_98' title='bbox 542 1282 706 1330; x_wconf 86' lang='lat' dir='ltr'>episcopo,</span> <span class='ocrx_word' id='word_1_99' title='bbox 731 1282 823 1328; x_wconf 89' lang='lat' dir='ltr'>quod</span> <span class='ocrx_word' id='word_1_100' title='bbox 848 1281 987 1327; x_wconf 85' lang='lat' dir='ltr'>quidem</span> <span class='ocrx_word' id='word_1_101' title='bbox 1013 1290 1091 1312; x_wconf 85' lang='lat' dir='ltr'>cum</span> <span class='ocrx_word' id='word_1_102' title='bbox 1117 1278 1198 1312; x_wconf 80' lang='lat' dir='ltr'>viris</span> <span class='ocrx_word' id='word_1_103' title='bbox 1235 1277 1348 1312; x_wconf 64' lang='lat' dir='ltr'>doctis</span> <span class='ocrx_word' id='word_1_104' title='bbox 1374 1276 1542 1322; x_wconf 84' lang='lat' dir='ltr'>plerisque</span> <span class='ocrx_word' id='word_1_105' title='bbox 1572 1288 1640 1310; x_wconf 89' lang='lat' dir='ltr'>non</span> 
     </span>
     <span class='ocr_line' id='line_1_16' title="bbox 225 1339 1639 1391; baseline -0.008 -8"><span class='ocrx_word' id='word_1_106' title='bbox 225 1350 322 1384; x_wconf 84' lang='lat' dir='ltr'>facile</span> <span class='ocrx_word' id='word_1_107' title='bbox 356 1348 511 1386; x_wconf 83' lang='lat' dir='ltr'>dixerim,</span> <span class='ocrx_word' id='word_1_108' title='bbox 546 1352 605 1381; x_wconf 77' lang='lat' dir='ltr'>aut</span> <span class='ocrx_word' id='word_1_109' title='bbox 639 1346 675 1380; x_wconf 90' lang='lat' dir='ltr'>in</span> <span class='ocrx_word' id='word_1_110' title='bbox 708 1351 863 1391; x_wconf 80' lang='lat' dir='ltr'>tempore</span> <span class='ocrx_word' id='word_1_111' title='bbox 895 1342 1047 1389; x_wconf 77' lang='lat' dir='ltr'>graviter</span> <span class='ocrx_word' id='word_1_112' title='bbox 1076 1341 1188 1387; x_wconf 83' lang='lat' dir='ltr'>lapsus</span> <span class='ocrx_word' id='word_1_113' title='bbox 1221 1341 1276 1380; x_wconf 85' lang='lat' dir='ltr'>est,</span> <span class='ocrx_word' id='word_1_114' title='bbox 1311 1340 1369 1386; x_wconf 89' lang='lat' dir='ltr'>qui</span> <span class='ocrx_word' id='word_1_115' title='bbox 1403 1340 1500 1374; x_wconf 87' lang='lat' dir='ltr'>illum</span> <span class='ocrx_word' id='word_1_116' title='bbox 1535 1339 1639 1373; x_wconf 87' lang='lat' dir='ltr'>semel</span> 
     </span>
     <span class='ocr_line' id='line_1_17' title="bbox 227 1403 1638 1459; baseline -0.008 -11"><span class='ocrx_word' id='word_1_117' title='bbox 227 1414 323 1459; x_wconf 81' lang='lat' dir='ltr'>ponit</span> <span class='ocrx_word' id='word_1_118' title='bbox 358 1413 417 1447; x_wconf 83' lang='lat' dir='ltr'>sub</span> <span class='ocrx_word' id='word_1_119' title='bbox 453 1414 545 1446; x_wconf 74' lang='lat'>1090</span> <span class='ocrx_word' id='word_1_120' title='bbox 580 1422 679 1449; x_wconf 82' lang='lat' dir='ltr'>anno,</span> <span class='ocrx_word' id='word_1_121' title='bbox 715 1409 797 1444; x_wconf 84' lang='lat' dir='ltr'>alias</span> <span class='ocrx_word' id='word_1_122' title='bbox 830 1408 890 1443; x_wconf 89' lang='lat' dir='ltr'>sub</span> <span class='ocrx_word' id='word_1_123' title='bbox 925 1408 1005 1443; x_wconf 79' lang='lat'>400,</span> <span class='ocrx_word' id='word_1_124' title='bbox 1041 1405 1290 1452; x_wconf 80' lang='lat' dir='ltr'>Berengerium</span> <span class='ocrx_word' id='word_1_125' title='bbox 1325 1416 1406 1439; x_wconf 84' lang='lat' dir='ltr'>vero</span> <span class='ocrx_word' id='word_1_126' title='bbox 1440 1403 1503 1438; x_wconf 88' lang='lat' dir='ltr'>sub</span> <span class='ocrx_word' id='word_1_127' title='bbox 1536 1406 1638 1438; x_wconf 83' lang='lat'>1300.</span> 
     </span>
     <span class='ocr_line' id='line_1_18' title="bbox 228 1468 1639 1521; baseline -0.006 -11"><span class='ocrx_word' id='word_1_128' title='bbox 228 1477 410 1521; x_wconf 67' lang='lat' dir='ltr'>Utcunque</span> <span class='ocrx_word' id='word_1_129' title='bbox 442 1475 494 1509; x_wconf 89' lang='lat' dir='ltr'>vir</span> <span class='ocrx_word' id='word_1_130' title='bbox 527 1479 601 1508; x_wconf 79' lang='lat' dir='ltr'>erat</span> <span class='ocrx_word' id='word_1_131' title='bbox 636 1474 671 1507; x_wconf 88' lang='lat' dir='ltr'>in</span> <span class='ocrx_word' id='word_1_132' title='bbox 702 1471 878 1518; x_wconf 81' lang='lat' dir='ltr'>scripturis</span> <span class='ocrx_word' id='word_1_133' title='bbox 911 1470 1037 1505; x_wconf 58' lang='lat' dir='ltr'>sanctis</span> <span class='ocrx_word' id='word_1_134' title='bbox 1064 1469 1219 1504; x_wconf 80' lang='lat' dir='ltr'>eruditus</span> <span class='ocrx_word' id='word_1_135' title='bbox 1248 1469 1405 1506; x_wconf 77' lang='lat' dir='ltr'>multum,</span> <span class='ocrx_word' id='word_1_136' title='bbox 1438 1468 1639 1502; x_wconf 75' lang='lat' dir='ltr'>secularium</span> 
     </span>
     <span class='ocr_line' id='line_1_19' title="bbox 228 1532 1640 1581; baseline -0.006 -7"><span class='ocrx_word' id='word_1_137' title='bbox 228 1540 331 1574; x_wconf 80' lang='lat' dir='ltr'>etiam</span> <span class='ocrx_word' id='word_1_138' title='bbox 374 1539 551 1573; x_wconf 74' lang='lat' dir='ltr'>literarum</span> <span class='ocrx_word' id='word_1_139' title='bbox 586 1549 655 1571; x_wconf 88' lang='lat' dir='ltr'>non</span> <span class='ocrx_word' id='word_1_140' title='bbox 689 1536 836 1581; x_wconf 79' lang='lat' dir='ltr'>ignarus,</span> <span class='ocrx_word' id='word_1_141' title='bbox 879 1534 1015 1581; x_wconf 83' lang='lat' dir='ltr'>ingenio</span> <span class='ocrx_word' id='word_1_142' title='bbox 1057 1538 1186 1570; x_wconf 76' lang='lat' dir='ltr'>acutus,</span> <span class='ocrx_word' id='word_1_143' title='bbox 1229 1538 1264 1567; x_wconf 80' lang='lat' dir='ltr'>et</span> <span class='ocrx_word' id='word_1_144' title='bbox 1305 1533 1453 1567; x_wconf 83' lang='lat' dir='ltr'>multum</span> <span class='ocrx_word' id='word_1_145' title='bbox 1497 1532 1640 1566; x_wconf 72' lang='lat' dir='ltr'>disertus</span> 
     </span>
     <span class='ocr_line' id='line_1_20' title="bbox 229 1596 1638 1648; baseline -0.006 -11"><span class='ocrx_word' id='word_1_146' title='bbox 229 1603 390 1648; x_wconf 83' lang='lat' dir='ltr'>eloquio;</span> <span class='ocrx_word' id='word_1_147' title='bbox 424 1613 492 1635; x_wconf 87' lang='lat' dir='ltr'>non</span> <span class='ocrx_word' id='word_1_148' title='bbox 522 1600 634 1635; x_wconf 86' lang='lat' dir='ltr'>minus</span> <span class='ocrx_word' id='word_1_149' title='bbox 662 1599 733 1633; x_wconf 79' lang='lat' dir='ltr'>vita</span> <span class='ocrx_word' id='word_1_150' title='bbox 762 1610 865 1644; x_wconf 90' lang='lat' dir='ltr'>quam</span> <span class='ocrx_word' id='word_1_151' title='bbox 894 1598 1033 1632; x_wconf 76' lang='lat' dir='ltr'>scientia</span> <span class='ocrx_word' id='word_1_152' title='bbox 1060 1598 1277 1636; x_wconf 84' lang='lat' dir='ltr'>reverendus,</span> <span class='ocrx_word' id='word_1_153' title='bbox 1310 1598 1346 1631; x_wconf 88' lang='lat' dir='ltr'>in</span> <span class='ocrx_word' id='word_1_154' title='bbox 1373 1596 1524 1641; x_wconf 80' lang='lat' dir='ltr'>utrisque</span> <span class='ocrx_word' id='word_1_155' title='bbox 1555 1596 1638 1630; x_wconf 86' lang='lat' dir='ltr'>nulli</span> 
     </span>
     <span class='ocr_line' id='line_1_21' title="bbox 229 1660 1639 1711; baseline -0.004 -11"><span class='ocrx_word' id='word_1_156' title='bbox 229 1667 287 1700; x_wconf 81' lang='lat' dir='ltr'>suo</span> <span class='ocrx_word' id='word_1_157' title='bbox 315 1671 471 1711; x_wconf 82' lang='lat' dir='ltr'>tempore</span> <span class='ocrx_word' id='word_1_158' title='bbox 504 1663 678 1698; x_wconf 83' lang='lat' dir='ltr'>secundus.</span> <span class='ocrx_word' id='word_1_159' title='bbox 739 1661 963 1707; x_wconf 81' lang='lat' dir='ltr'>Theologicae</span> <span class='ocrx_word' id='word_1_160' title='bbox 997 1661 1206 1708; x_wconf 82' lang='lat' dir='ltr'>profeffionis</span> <span class='ocrx_word' id='word_1_161' title='bbox 1242 1661 1377 1696; x_wconf 88' lang='lat' dir='ltr'>culmen</span> <span class='ocrx_word' id='word_1_162' title='bbox 1411 1660 1569 1699; x_wconf 79' lang='lat' dir='ltr'>ascendit,</span> <span class='ocrx_word' id='word_1_163' title='bbox 1604 1661 1639 1693; x_wconf 91' lang='lat' dir='ltr'>in</span> 
     </span>
     <span class='ocr_line' id='line_1_22' title="bbox 231 1723 1639 1772; baseline -0.005 -8"><span class='ocrx_word' id='word_1_164' title='bbox 231 1730 346 1764; x_wconf 53' lang='lat' dir='ltr'>stricia</span> <span class='ocrx_word' id='word_1_165' title='bbox 369 1728 520 1763; x_wconf 74' lang='lat' dir='ltr'>similiter</span> <span class='ocrx_word' id='word_1_166' title='bbox 550 1733 589 1762; x_wconf 80' lang='lat' dir='ltr'>ut</span> <span class='ocrx_word' id='word_1_167' title='bbox 618 1727 655 1761; x_wconf 86' lang='lat' dir='ltr'>in</span> <span class='ocrx_word' id='word_1_168' title='bbox 677 1726 787 1761; x_wconf 78' lang='lat' dir='ltr'>soluta</span> <span class='ocrx_word' id='word_1_169' title='bbox 814 1726 968 1760; x_wconf 80' lang='lat' dir='ltr'>oratione</span> <span class='ocrx_word' id='word_1_170' title='bbox 995 1725 1117 1772; x_wconf 85' lang='lat' dir='ltr'>gravis,</span> <span class='ocrx_word' id='word_1_171' title='bbox 1143 1724 1261 1764; x_wconf 85' lang='lat' dir='ltr'>tersus,</span> <span class='ocrx_word' id='word_1_172' title='bbox 1288 1730 1323 1759; x_wconf 75' lang='lat' dir='ltr'>et</span> <span class='ocrx_word' id='word_1_173' title='bbox 1346 1723 1523 1763; x_wconf 54' lang='lat' dir='ltr'>eruditum</span> <span class='ocrx_word' id='word_1_174' title='bbox 1550 1724 1639 1757; x_wconf 85' lang='lat' dir='ltr'>unde</span> 
     </span>
     <span class='ocr_line' id='line_1_23' title="bbox 229 1787 1640 1838; baseline -0.006 -9"><span class='ocrx_word' id='word_1_175' title='bbox 229 1794 318 1829; x_wconf 85' lang='lat' dir='ltr'>hisce</span> <span class='ocrx_word' id='word_1_176' title='bbox 361 1793 564 1831; x_wconf 80' lang='lat' dir='ltr'>nominatus,</span> <span class='ocrx_word' id='word_1_177' title='bbox 594 1790 706 1838; x_wconf 86' lang='lat' dir='ltr'>primo</span> <span class='ocrx_word' id='word_1_178' title='bbox 739 1790 778 1824; x_wconf 82' lang='lat' dir='ltr'>fit</span> <span class='ocrx_word' id='word_1_179' title='bbox 813 1789 988 1836; x_wconf 82' lang='lat' dir='ltr'>episcopus</span> <span class='ocrx_word' id='word_1_180' title='bbox 1020 1787 1290 1828; x_wconf 78' lang='lat' dir='ltr'>Cenomanensis,</span> <span class='ocrx_word' id='word_1_181' title='bbox 1326 1788 1448 1822; x_wconf 88' lang='lat' dir='ltr'>deinde</span> <span class='ocrx_word' id='word_1_182' title='bbox 1485 1787 1640 1821; x_wconf 88' lang='lat' dir='ltr'>Thuron-</span> 
     </span>
     <span class='ocr_line' id='line_1_24' title="bbox 232 1851 1637 1901; baseline -0.006 -8"><span class='ocrx_word' id='word_1_183' title='bbox 232 1858 324 1893; x_wconf 76' lang='lat' dir='ltr'>ensis,</span> <span class='ocrx_word' id='word_1_184' title='bbox 351 1856 497 1901; x_wconf 85' lang='lat' dir='ltr'>denique</span> <span class='ocrx_word' id='word_1_185' title='bbox 524 1853 795 1900; x_wconf 72' lang='lat' dir='ltr'>archiepiscopus</span> <span class='ocrx_word' id='word_1_186' title='bbox 826 1853 1016 1888; x_wconf 82' lang='lat' dir='ltr'>Scotorum.</span> <span class='ocrx_word' id='word_1_187' title='bbox 1072 1853 1102 1887; x_wconf 91' lang='lat' dir='ltr'>E</span> <span class='ocrx_word' id='word_1_188' title='bbox 1134 1853 1250 1888; x_wconf 86' lang='lat' dir='ltr'>Scotia</span> <span class='ocrx_word' id='word_1_189' title='bbox 1276 1857 1392 1887; x_wconf 81' lang='lat' dir='ltr'>autem</span> <span class='ocrx_word' id='word_1_190' title='bbox 1421 1852 1455 1885; x_wconf 87' lang='lat' dir='ltr'>in</span> <span class='ocrx_word' id='word_1_191' title='bbox 1481 1851 1637 1889; x_wconf 82' lang='lat' dir='ltr'>Galliam,</span> 
     </span>
     <span class='ocr_line' id='line_1_25' title="bbox 230 1915 1638 1963; baseline -0.006 -7"><span class='ocrx_word' id='word_1_192' title='bbox 230 1934 311 1956; x_wconf 84' lang='lat' dir='ltr'>mox</span> <span class='ocrx_word' id='word_1_193' title='bbox 329 1921 364 1954; x_wconf 92' lang='lat' dir='ltr'>in</span> <span class='ocrx_word' id='word_1_194' title='bbox 388 1919 532 1958; x_wconf 77' lang='lat' dir='ltr'>Italiam,</span> <span class='ocrx_word' id='word_1_195' title='bbox 557 1916 729 1952; x_wconf 78' lang='lat' dir='ltr'>noviffime</span> <span class='ocrx_word' id='word_1_196' title='bbox 751 1917 786 1950; x_wconf 91' lang='lat' dir='ltr'>in</span> <span class='ocrx_word' id='word_1_197' title='bbox 810 1916 999 1957; x_wconf 84' lang='lat' dir='ltr'>Graeciam,</span> <span class='ocrx_word' id='word_1_198' title='bbox 1023 1917 1198 1963; x_wconf 63' lang='lat' dir='ltr'>profectus</span> <span class='ocrx_word' id='word_1_199' title='bbox 1222 1917 1277 1951; x_wconf 88' lang='lat' dir='ltr'>est.</span> <span class='ocrx_word' id='word_1_200' title='bbox 1329 1915 1466 1962; x_wconf 77' lang='lat' dir='ltr'>Scripfit</span> <span class='ocrx_word' id='word_1_201' title='bbox 1491 1920 1638 1960; x_wconf 84' lang='lat' dir='ltr'>utroque</span> 
     </span>
     <span class='ocr_line' id='line_1_26' title="bbox 235 1977 1639 2030; baseline -0.005 -13"><span class='ocrx_word' id='word_1_202' title='bbox 235 1985 323 2030; x_wconf 72' lang='lat' dir='ltr'>stylo,</span> <span class='ocrx_word' id='word_1_203' title='bbox 350 1982 493 2017; x_wconf 85' lang='lat' dir='ltr'>metrico</span> <span class='ocrx_word' id='word_1_204' title='bbox 515 1981 642 2016; x_wconf 79' lang='lat' dir='ltr'>scilicet</span> <span class='ocrx_word' id='word_1_205' title='bbox 669 1986 703 2015; x_wconf 81' lang='lat' dir='ltr'>et</span> <span class='ocrx_word' id='word_1_206' title='bbox 726 1980 886 2026; x_wconf 83' lang='lat' dir='ltr'>prosaico,</span> <span class='ocrx_word' id='word_1_207' title='bbox 910 1980 1077 2026; x_wconf 81' lang='lat' dir='ltr'>quaedam</span> <span class='ocrx_word' id='word_1_208' title='bbox 1100 1980 1275 2027; x_wconf 85' lang='lat' dir='ltr'>praeclara</span> <span class='ocrx_word' id='word_1_209' title='bbox 1298 1978 1478 2025; x_wconf 88' lang='lat' dir='ltr'>opuscu1a;</span> <span class='ocrx_word' id='word_1_210' title='bbox 1501 1978 1542 2012; x_wconf 89' lang='lat' dir='ltr'>de</span> <span class='ocrx_word' id='word_1_211' title='bbox 1566 1977 1639 2022; x_wconf 80' lang='lat' dir='ltr'>qui-</span> 
     </span>
     <span class='ocr_line' id='line_1_27' title="bbox 233 2047 554 2083; baseline -0.016 0"><span class='ocrx_word' id='word_1_212' title='bbox 233 2051 295 2083; x_wconf 84' lang='lat' dir='ltr'>bus</span> <span class='ocrx_word' id='word_1_213' title='bbox 313 2049 372 2083; x_wconf 86' lang='lat' dir='ltr'>ista</span> <span class='ocrx_word' id='word_1_214' title='bbox 389 2047 554 2082; x_wconf 78' lang='lat' dir='ltr'>feruntur.</span> 
     </span>
    </p>

    <p class='ocr_par' dir='ltr' id='par_1_7' title="bbox 378 2108 943 2155">
     <span class='ocr_line' id='line_1_28' title="bbox 378 2108 943 2155; baseline -0.007 -10"><span class='ocrx_word' id='word_1_215' title='bbox 378 2112 429 2146; x_wconf 85' lang='lat' dir='ltr'>De</span> <span class='ocrx_word' id='word_1_216' title='bbox 447 2109 583 2144; x_wconf 87' lang='lat' dir='ltr'>Miseria</span> <span class='ocrx_word' id='word_1_217' title='bbox 599 2109 700 2155; x_wconf 84' lang='lat' dir='ltr'>hujus</span> <span class='ocrx_word' id='word_1_218' title='bbox 718 2108 827 2147; x_wconf 82' lang='lat' dir='ltr'>Vitae,</span> <span class='ocrx_word' id='word_1_219' title='bbox 846 2108 902 2142; x_wconf 84' lang='lat' dir='ltr'>lib.</span> <span class='ocrx_word' id='word_1_220' title='bbox 922 2118 943 2141; x_wconf 92' lang='lat'>1.</span> 
     </span>
    </p>

    <p class='ocr_par' dir='ltr' id='par_1_8' title="bbox 379 2171 1018 2220">
     <span class='ocr_line' id='line_1_29' title="bbox 379 2171 1018 2220; baseline -0.008 -11"><span class='ocrx_word' id='word_1_221' title='bbox 379 2175 488 2220; x_wconf 78' lang='lat' dir='ltr'>Super</span> <span class='ocrx_word' id='word_1_222' title='bbox 505 2179 579 2208; x_wconf 80' lang='lat' dir='ltr'>toto</span> <span class='ocrx_word' id='word_1_223' title='bbox 597 2172 717 2208; x_wconf 86' lang='lat' dir='ltr'>Officio</span> <span class='ocrx_word' id='word_1_224' title='bbox 735 2171 861 2211; x_wconf 75' lang='lat' dir='ltr'>Missae,</span> <span class='ocrx_word' id='word_1_225' title='bbox 880 2171 937 2205; x_wconf 91' lang='lat' dir='ltr'>lib.</span> <span class='ocrx_word' id='word_1_226' title='bbox 959 2171 1018 2216; x_wconf 75' lang='grc'>[1.]</span> 
     </span>
    </p>

    <p class='ocr_par' dir='ltr' id='par_1_9' title="bbox 379 2236 766 2277">
     <span class='ocr_line' id='line_1_30' title="bbox 379 2236 766 2277; baseline -0.008 -5"><span class='ocrx_word' id='word_1_227' title='bbox 379 2239 430 2272; x_wconf 83' lang='lat' dir='ltr'>De</span> <span class='ocrx_word' id='word_1_228' title='bbox 448 2238 506 2271; x_wconf 88' lang='lat' dir='ltr'>suo</span> <span class='ocrx_word' id='word_1_229' title='bbox 523 2237 647 2277; x_wconf 78' lang='lat' dir='ltr'>Exilio,</span> <span class='ocrx_word' id='word_1_230' title='bbox 667 2236 724 2271; x_wconf 90' lang='lat' dir='ltr'>lib.</span> <span class='ocrx_word' id='word_1_231' title='bbox 743 2246 766 2269; x_wconf 92' lang='lat'>1.</span> 
     </span>
    </p>

    <p class='ocr_par' dir='ltr' id='par_1_10' title="bbox 379 2299 942 2337">
     <span class='ocr_line' id='line_1_31' title="bbox 379 2299 942 2337; baseline -0.007 -2"><span class='ocrx_word' id='word_1_232' title='bbox 379 2302 430 2335; x_wconf 85' lang='lat' dir='ltr'>De</span> <span class='ocrx_word' id='word_1_233' title='bbox 449 2301 670 2335; x_wconf 79' lang='lat' dir='ltr'>Sacramento</span> <span class='ocrx_word' id='word_1_234' title='bbox 688 2299 825 2337; x_wconf 84' lang='lat' dir='ltr'>Altaris,</span> <span class='ocrx_word' id='word_1_235' title='bbox 844 2299 901 2332; x_wconf 90' lang='lat' dir='ltr'>lib.</span> <span class='ocrx_word' id='word_1_236' title='bbox 920 2308 942 2331; x_wconf 93' lang='lat'>1.</span> 
     </span>
    </p>
   </div>
  </div>
 </body>
</html>
