1913 2692
282 190 344 221 126
672 189 733 219 DE
768 188 1099 221 SCRIPTORIBUS
1134 190 1295 221 SCOTIS.

282 281 352 316 tilis
384 279 528 315 nimium
561 279 699 314 habitus
730 280 805 315 fuit.
872 279 950 315 Post
982 280 1113 326 aliquot
1146 292 1262 322 annos,
1301 281 1540 328 peregrinandi
1580 282 1687 317 studio

283 349 411 390 captus,
446 343 558 389 primo
591 343 626 377 in
659 344 830 390 Angliam,
868 343 990 378 deinde
1026 343 1062 378 in
1097 344 1254 385 Galliam,
1297 345 1343 380 est
1383 345 1589 391 prosectus3
1630 346 1689 381 ubi

283 408 439 443 Lutetiae
462 407 520 441 diu
546 407 763 453 multumque
790 407 916 442 studuit
942 407 978 441 in
1005 407 1158 453 Collegio
1183 407 1402 448 Jesuitarum,
1427 408 1538 443 multa
1561 408 1689 448 didicit,

283 471 431 517 plurima
468 470 572 505 etiam
611 469 736 504 docuit.
803 468 1002 515 Affumptus
1035 470 1139 504 etiam
1172 471 1218 505 est
1251 472 1287 506 in
1320 471 1515 506 societatem
1555 472 1637 506 Jesu
1669 484 1691 506 a

282 534 430 574 semitis,
463 532 663 579 quibuscum
698 533 885 579 plurimum
920 532 1136 567 conversatus
1170 539 1253 568 erat.
1313 535 1557 570 Mathematica
1583 535 1691 570 studia

286 597 434 644 impense
468 597 584 637 coluit,
624 602 658 631 et
692 596 782 630 inter
815 595 1138 630 mathematicorum
1171 595 1221 630 sui
1255 597 1418 642 temporis
1452 598 1691 633 celeberrimos

286 662 542 696 numerandus:
570 660 779 706 theologiam
810 659 954 705 insuper,
985 670 1088 704 quam
1114 659 1342 694 scholasticam
1372 665 1504 701 vocant,
1534 666 1691 696 accurate

283 725 410 764 didicit,
443 725 478 758 in
508 724 769 759 humanioribus
797 724 913 769 itaque
939 722 1048 757 literis
1073 727 1107 756 et
1132 723 1340 769 theologicis,
1367 723 1424 758 sed
1452 724 1692 760 traditionibus

284 788 450 827 humanis,
477 787 708 834 superstitiosis
732 787 864 827 ritibus,
894 791 929 820 et
958 785 1137 820 horrendis
1162 784 1379 831 blasphemiis
1405 785 1531 820 mirum
1561 786 1596 821 in
1621 799 1693 821 mo-

285 853 367 887 dum
394 851 536 891 refertis,
571 851 741 886 crescebat
771 850 888 884 indies.
951 848 1013 882 Vir
1041 854 1116 883 erat
1142 848 1279 894 ingenio
1308 849 1458 884 curiosus
1486 854 1521 884 et
1550 849 1690 889 subtilis,

285 915 420 962 eloquio
461 914 683 954 scholasticus,
729 912 985 948 conversatione
1026 909 1249 956 superstitiose
1295 910 1447 950 devotus,
1491 911 1691 946 eruditionis

285 979 451 1014 varietate
489 978 609 1018 clarus,
648 979 818 1011 bonorum
858 976 1041 1011 auctorum
1075 973 1215 1008 lectioni
1256 973 1398 1008 mirifice
1441 973 1584 1014 deditus,
1621 987 1691 1009 me-

285 1042 413 1077 moriae
439 1047 473 1076 et
499 1041 681 1076 industriae
707 1040 893 1087 singularis,
923 1039 979 1074 cui
1005 1038 1109 1073 etiam
1134 1037 1253 1083 pietas,
1281 1037 1414 1072 utinam
1444 1049 1511 1072 non
1536 1038 1692 1084 praepos-

284 1112 368 1146 tera,
402 1112 437 1140 et
471 1105 618 1140 eruditio
652 1116 776 1139 nomen
810 1116 879 1138 non
914 1103 1085 1137 incelebre
1119 1101 1296 1136 dederunt.
1355 1101 1440 1136 Erat
1481 1101 1571 1136 enim
1614 1114 1692 1136 con-

285 1171 438 1205 cionator
489 1169 635 1215 elegans,
679 1167 870 1214 disputator
910 1166 1050 1205 subtilis,
1093 1169 1127 1199 et
1169 1164 1228 1210 qui
1272 1165 1399 1210 ingenii
1447 1165 1602 1199 acumine
1648 1166 1691 1200 ad

286 1233 461 1268 solvendos
494 1231 771 1266 difficillimarum
814 1230 1047 1277 quaestionum
1087 1228 1194 1263 nodos
1234 1228 1382 1262 multum
1422 1228 1553 1262 valuit:
1592 1229 1693 1263 astro-

285 1297 418 1332 nomiae
446 1295 590 1330 celebris
619 1296 750 1335 doctor,
779 1294 973 1329 caelestium
1004 1297 1215 1331 naturarum,
1245 1303 1435 1337 corporum,
1466 1296 1500 1326 et
1526 1291 1692 1327 virtutum

285 1360 419 1395 sedulus
458 1359 647 1405 indagator,
682 1363 717 1393 et
756 1361 811 1392 τῶν
843 1359 1064 1403 μαθηματικῶν
1102 1360 1223 1390 acutus
1264 1355 1518 1390 demonstrator.
1594 1355 1692 1390 Unde

286 1423 416 1470 scriptis
432 1421 597 1457 commisit

430 1484 686 1521 Commentaria
702 1484 738 1518 in
757 1482 955 1529 sphaeram.

432 1549 484 1582 De
502 1548 654 1582 Horrore
672 1546 820 1586 Peccati‚
837 1545 894 1580 lib.

431 1612 472 1645 In
489 1609 679 1645 Paffionem
696 1608 837 1643 Domini
854 1607 1104 1642 Meditationes.

432 1672 676 1708 Instructiones
708 1671 869 1717 quasdam
902 1670 1083 1706 neotericis
1116 1670 1311 1710 Catholicis,
1338 1683 1359 1705 a
1384 1671 1569 1706 reformata
1603 1672 1695 1706 Reli-

480 1736 582 1783 gione
599 1734 846 1774 deficientibus,
864 1738 899 1768 et
916 1733 952 1768 in
969 1734 1139 1780 gremium
1157 1734 1333 1768 Romanae
1350 1733 1517 1769 Ecclefiae
1534 1735 1688 1781 receptis.

290 1802 335 1836 Et
368 1801 436 1836 alia
467 1799 624 1846 plurima,
669 1810 757 1846 quae
791 1797 965 1843 hucusque
1004 1797 1048 1831 ad
1083 1797 1230 1832 nostram
1262 1796 1421 1832 notitiam
1453 1809 1522 1832 non
1554 1809 1695 1844 perven-

289 1870 399 1900 erunt.
449 1864 582 1899 Claruit
607 1863 697 1898 circa
721 1874 848 1897 annum
875 1861 1042 1896 adventus
1065 1860 1202 1895 Mesfiae
1227 1860 1263 1894 in
1292 1872 1393 1895 carne
1424 1862 1527 1901 1598,
1554 1861 1636 1895 dum
1660 1860 1695 1894 in

291 1928 407 1964 Scotia
422 1927 567 1962 feliciter
584 1932 619 1961 et
636 1926 776 1973 pacifice
793 1937 909 1959 rerum
926 1924 1096 1970 potiretur
1110 1924 1262 1959 Jacobus
1278 1924 1412 1959 Sextus.

715 2068 779 2104 DE
805 2066 1026 2103 ROBERTO
1051 2065 1278 2100 ΡΟΝΤΑΝΟ.

293 2184 489 2217 ROBERTus
527 2182 735 2221 PoNTAnus,
776 2178 980 2214 Caledonius
1013 2176 1209 2216 Britannus,
1248 2187 1291 2210 ex
1330 2174 1488 2215 Gulrofia,
1527 2180 1587 2210 aut
1626 2187 1694 2210 non

294 2246 412 2293 procul
435 2247 478 2280 ab
506 2257 555 2285 ea,
581 2245 666 2279 urbe
691 2242 873 2282 maritima,
894 2240 1099 2287 antiquitate
1124 2239 1354 2279 celeberrima,
1373 2238 1519 2273 honestis
1545 2239 1694 2285 parenti-
