1913 2692
248 218 289 246 84
640 215 702 244 DE
736 214 1070 245 SCRIPTORIBUS
1105 214 1267 244 SCOTlS.

675 385 738 420 DE
763 385 948 420 JOANNE
975 384 1233 419 CUNIGAMO.

248 500 417 533 JOANNES
464 498 696 537 CUNIGAMUS,
741 497 870 531 ordinis
926 497 1149 530 Carmelitani
1190 497 1378 531 monachus
1421 497 1455 530 in
1498 497 1663 530 coenobio

249 560 515 608 Gippesweeenfi
550 561 733 595 comitatus
763 559 984 598 Suffolcenfis‚
1016 560 1049 593 S.
1078 560 1271 605 theologiae
1301 560 1423 594 doetor
1454 559 1662 596 Oxonienfis,

249 632 283 661 et
318 626 458 660 tandem
487 625 593 659 totius
622 624 751 659 ordinis
780 624 829 658 sui
859 636 920 670 per
956 623 1117 668 Angliam
1147 628 1182 657 et
1213 623 1414 658 Hiberniam
1447 624 1663 669 provincialis

250 689 422 723 vicelimus
448 689 578 735 primus
603 689 647 722 ad
672 700 779 722 annos
805 688 965 734 quinque,
984 686 1122 720 natione
1149 686 1280 726 Scotus,
1301 686 1335 720 in
1354 686 1493 721 Carieta
1517 687 1663 722 honestis

249 753 449 799 parentibus
479 752 652 792 oriundus,
687 751 881 786 adolescens
911 752 1018 785 bonae
1049 749 1172 783 indolis
1202 762 1271 784 non
1301 750 1403 784 modo
1438 750 1662 796 eloquentiae,

250 829 368 851 vei-mn
402 816 507 851 etiam
541 815 750 850 naturalium
783 827 899 849 rerum
934 814 1120 860 cognitioni
1154 814 1311 848 adhibuit
1346 826 1507 860 operam3
1549 814 1663 860 postea

250 881 417 915 maturior
464 880 562 915 annis
601 879 787 914 studiorum
833 879 948 914 ardori
1002 877 1086 912 nihil
1134 876 1269 917 remifit,
1320 877 1376 912 sed
1425 878 1459 911 in
1502 877 1663 923 Angliam

250 944 395 979 vicinam
429 943 565 989 ejusque
597 943 807 978 academiam
842 943 1014 977 Oxonium
1049 942 1194 988 impiger
1225 942 1257 976 se
1289 942 1443 981 eontulit,
1484 941 1664 975 ulteriores

250 1008 376 1054 ingenii
402 1007 515 1041 cultus
540 1007 695 1053 capiendi
724 1006 830 1041 causa.
899 1006 964 1040 Hic
994 1006 1099 1052 igitur
1128 1006 1185 1040 ille
1216 1005 1331 1040 studiis
1361 1005 1558 1039 liberalibus
1588 1017 1663 1039 eam

250 1073 396 1107 navabat
430 1083 579 1117 operam,
620 1076 657 1104 ut
698 1071 788 1104 inter
820 1070 1052 1115 philolophiae
1086 1071 1286 1105 candidatos
1325 1070 1516 1116 complures
1551 1070 1663 1104 locum

250 1135 514 1181 consequeretur
542 1134 701 1180 primum.
755 1133 990 1168 Renunciatus
1017 1139 1133 1168 autem
1160 1134 1287 1168 solenni
1315 1133 1567 1168 academiarum
1593 1133 1662 1166 ritu

250 1200 376 1234 artium
412 1199 620 1245 optimarum
659 1198 826 1244 magister,
863 1198 921 1231 uni
964 1197 1123 1243 deinceps
1161 1197 1354 1243 theologiae
1389 1197 1421 1231 se
1459 1202 1571 1231 totum
1606 1197 1663 1230 de-

250 1264 345 1303 didit,
390 1263 629 1310 philosophicis
664 1262 801 1297 interim
835 1262 950 1296 studiis
984 1262 1069 1295 nihil
1102 1267 1162 1296 aut
1196 1274 1317 1307 parum
1352 1261 1556 1300 remittens;
1601 1273 1663 1294 nec

251 1328 359 1361 multo
389 1327 460 1373 post·
488 1332 642 1372 tempore
673 1326 837 1360 summam
866 1326 901 1359 in
931 1330 1076 1371 utraque
1106 1324 1246 1359 scientia
1275 1325 1434 1371 peritiam
1464 1324 1663 1358 consecutus

251 1391 304 1425 est.
357 1391 419 1424 Vir
442 1390 613 1436 {pedatae
637 1395 711 1424 tum
737 1389 938 1424 eruditionis
960 1394 1035 1424 tum
1060 1389 1207 1435 pietatis,
1235 1394 1269 1423 et
1296 1388 1515 1435 philosophus
1539 1388 1661 1433 gravis,

250 1455 430 1501 theologus
464 1454 610 1494 sanetus,
650 1454 786 1500 ingenio
825 1458 955 1492 acutus,
990 1454 1024 1488 in
1059 1454 1161 1487 rebus
1196 1452 1414 1488 discutiendis
1447 1452 1587 1491 subtilis,
1628 1452 1662 1486 in

251 1518 474 1564 dijudicandis
502 1517 634 1557 solidus,
663 1517 813 1563 prudens
842 1516 986 1556 confilio,
1016 1516 1049 1550 in
1079 1517 1212 1562 agendo
1238 1517 1367 1554 dexter,
1397 1516 1489 1550 omni
1515 1516 1661 1561 denique

252 1582 459 1628 optimarum
501 1581 679 1615 literarum
712 1580 923 1626 supellectile
957 1580 1092 1626 egregie
1126 1580 1319 1619 instruetus,
1353 1580 1479 1626 partim
1516 1580 1661 1617 virtutis,

251 1646 376 1692 partim
419 1646 597 1680 doclrinae
636 1645 748 1685 titulo,
793 1645 883 1679 iuter
922 1644 1069 1678 summos
1112 1645 1290 1678 literarum
1332 1644 1497 1678 antistites
1544 1643 1663 1689 reponi

252 1709 386 1744 meruit.
461 1709 619 1743 Patronis
659 1708 906 1743 excellentibus
948 1707 1034 1747 usus,
1074 1708 1256 1754 praecipue
1295 1719 1376 1742 vero
1409 1707 1543 1742 Joanne
1578 1707 1664 1741 Lan-

252 1773 390 1808 eastriae
420 1778 455 1807 et
484 1772 691 1818 Aquitaniae
719 1773 826 1807 duce:
855 1784 958 1818 quem
988 1771 1092 1806 etiam
1117 1772 1160 1806 ad
1187 1771 1277 1805 vitae
1302 1772 1406 1805 finem
1436 1770 1495 1805 fibi
1526 1776 1560 1805 et
1587 1783 1664 1805 con-

247 1837 321 1883 jugi
347 1850 368 1871 a
394 1835 635 1871 confeflionum
658 1836 796 1871 secretis
816 1837 906 1871 fecit.
958 1835 1023 1869 llic
1050 1835 1153 1869 etiam
1179 1834 1308 1880 primus
1333 1833 1428 1869 fuiffe
1454 1834 1662 1880 perhibetur,

253 1914 272 1935 a
297 1901 450 1935 Valdeno
474 1901 509 1934 in
535 1900 752 1935 Zizaniorum
780 1899 962 1939 Fasciculo,
985 1899 1044 1945 qui
1069 1899 1103 1932 in
1127 1911 1267 1933 arenam
1294 1898 1566 1933 scholasticorum
1593 1910 1664 1932 cer-

253 1964 421 1999 taminum
446 1969 567 1999 contra
592 1964 783 1999 Wiclevum
809 1964 991 2003 descendit,
1016 1962 1107 2008 quod
1132 1962 1271 2008 quidem
1298 1963 1446 1997 modeste
1473 1967 1507 1997 et
1534 1961 1664 1995 summo

254 2029 287 2062 in
322 2028 465 2062 dicendo
503 2027 650 2062 candore
689 2028 780 2067 fecit,
822 2027 1010 2062 admiratus
1044 2026 1079 2060 in
1113 2038 1154 2061 eo
1188 2026 1365 2061 doctrinae
1400 2025 1662 2060 excellentiam:

254 2105 315 2126 nec
354 2092 480 2127 limites
517 2092 758 2138 egrediebatur
796 2091 967 2126 Wiclevus
1006 2089 1165 2129 viciflim3
1202 2095 1240 2124 ut
1277 2089 1406 2124 reetius
1441 2089 1580 2124 tandem
1615 2088 1663 2123 sa-

253 2161 358 2201 peret,
387 2155 563 2190 instantius
594 2154 782 2189 Dominum
811 2155 1025 2201 precabatur.
1087 2155 1152 2189 Hic
1178 2160 1292 2190 autem
1323 2155 1474 2189 Joannes
1503 2154 1662 2188 literariis

252 2218 482 2253 monumentis
515 2218 609 2252 suam
643 2218 770 2252 famam
804 2217 945 2264 posteris
981 2219 1257 2259 commendavit3
1293 2219 1382 2253 inter
1416 2218 1482 2253 alia
1515 2230 1662 2264 namque

252 2281 400 2329 plurima
417 2293 521 2327 opera
538 2281 623 2316 haec
642 2281 816 2326 sequentia
833 2281 868 2315 iu
886 2281 996 2316 lucem
1016 2281 1141 2316 emisit:
