1913 2692
272 248 313 276 20
631 244 693 274 DE
728 243 1059 274 SCRIPTORIBUS
1091 242 1254 272 SCOTIS.

272 337 404 376 deinde,
448 336 520 382 post
554 334 831 370 reformationem
865 334 1047 380 religionis,
1082 334 1117 368 in
1152 333 1280 368 Gallias
1313 333 1457 379 trajecit,
1497 333 1556 367 ubi
1589 339 1675 367 tem-

271 401 363 446 poris
393 398 540 434 successu
574 399 669 433 brevi
703 403 819 433 orator
854 398 968 444 regius
1011 398 1122 432 faetus
1157 399 1203 432 est
1236 398 1392 432 Lutetiae
1426 398 1517 443 apud
1552 398 1674 432 Henri-

271 477 349 498 cum
376 464 529 498 Tertium
547 468 582 497 et
600 463 780 503 Quartum,
798 474 895 508 reges
913 462 1113 496 Galliarum.
1164 462 1264 496 Unde
1281 461 1407 508 scripsit

412 527 533 562 Varias
551 526 731 561 Orationes
748 527 791 560 ad
809 526 922 572 Reges
936 532 970 560 et
988 525 1173 571 Principes,
1192 525 1329 560 nomine
1347 525 1499 571 Reginae
1518 526 1656 561 Mariae.

408 580 640 637 'Epistolarum
657 590 701 624 ad
718 590 829 624 varios
845 590 1009 624 Proceres
1026 590 1158 624 Galliae
1175 590 1232 624 lib.
1252 600 1289 623 11.

270 655 402 690 Claruit
429 667 519 689 anno
546 654 617 700 post
643 654 813 688 Christum
840 653 875 687 in
910 665 1012 687 carne
1046 658 1165 687 natum
1205 656 1307 692 1603,
1341 659 1507 700 regnante
1543 655 1675 689 Jacobo

270 720 342 765 ejus
360 719 507 753 nominis
526 718 629 753 sexto.

661 860 724 894 DE
750 860 960 895 GEORGIO
988 861 1288 895 EGLISEMMIO.
1347 892 1352 896 .

270 973 459 1007 GEoRGIUs
496 973 760 1011 EGLISEMMIth,
805 972 965 1011 medicus,
1010 973 1147 1006 natione
1189 973 1319 1012 Scotus,
1358 973 1409 1006 vir
1447 973 1481 1007 in
1519 974 1675 1008 omnibus

269 1036 415 1070 scientiis
448 1042 483 1071 et
516 1037 647 1071 artibus
677 1035 850 1082 insigniter
886 1036 1048 1073 eruditus,
1085 1035 1119 1069 in
1157 1040 1304 1080 utroque
1341 1035 1507 1070 scribendi
1540 1048 1674 1082 genere,

270 1101 366 1134 versu
405 1100 531 1135 seilicet
575 1106 609 1135 et
649 1101 758 1135 soluta
794 1101 956 1140 oratione,
997 1097 1222 1145 peritissimus.
1260 1098 1371 1144 primo
1411 1099 1445 1132 in
1490 1099 1675 1134 Academia

270 1165 455 1199 Andreana
488 1164 623 1199 cursum
657 1164 889 1210 philosophiae
924 1163 1092 1210 perfecit3
1126 1162 1239 1208 postea
1272 1162 1401 1197 Gallias
1439 1163 1674 1197 Germaniam-

269 1241 334 1274 que
362 1229 566 1275 peragravit,
596 1240 824 1275 magnamque
856 1229 891 1262 in
918 1234 1065 1273 utraque
1094 1226 1233 1272 regione
1264 1227 1436 1261 contraxit
1465 1227 1676 1261 familiarita-

268 1298 338 1326 tem
371 1298 405 1326 et
439 1293 625 1327 amicitiam
654 1304 732 1326 eum
762 1292 879 1326 multis
910 1292 1021 1326 doetis
1050 1291 1140 1324 viris.
1204 1290 1352 1324 Demum
1387 1291 1421 1324 in
1456 1291 1675 1325 Hollandiam

270 1357 453 1402 profectus,
494 1356 552 1390 ubi
589 1357 632 1390 ad
671 1355 902 1402 philosophiae
938 1353 1174 1402 profeffionem
1213 1354 1385 1399 publicam
1421 1355 1455 1388 in
1490 1356 1675 1390 Academia

268 1419 481 1466 Lugdunenli
509 1420 555 1454 est
584 1425 733 1459 vocatus,
761 1420 886 1466 quippe
914 1419 949 1453 in
976 1418 1214 1465 philosophicis
1240 1418 1355 1453 studiis
1381 1424 1415 1453 et
1442 1419 1477 1453 in
1507 1424 1580 1454 arte
1606 1432 1676 1454 me-

271 1485 372 1518 dendi
409 1484 536 1530 optime
563 1484 734 1518 versatus:
762 1484 796 1517 in
821 1484 886 1517 hoc
912 1483 1029 1517 infelix
1059 1483 1172 1517 fuerat
1202 1483 1294 1528 quod
1325 1483 1535 1518 Buchanano
1560 1489 1676 1529 poeta-

268 1561 345 1582 rum
362 1548 506 1594 principi
525 1547 557 1582 se
575 1547 786 1594 opposuerat.
838 1546 975 1593 Scripsit

412 1612 580 1646 Libellum
598 1617 718 1646 contra
735 1611 947 1646 Vorstianain
966 1610 1137 1645 Haerefin.

415 1676 732 1712 Animadverfiones
749 1677 784 1711 in
802 1677 992 1711 Aristotelis
1009 1674 1178 1720 Logicam.

414 1741 597 1775 Transtulit
624 1741 728 1775 etiam
754 1740 905 1774 Psalmos
934 1738 1106 1785 quosdam,
1137 1738 1171 1771 in
1204 1737 1263 1771 illa
1288 1737 1526 1773 Controversia
1555 1745 1674 1774 eontra

461 1804 628 1838 Thomam
650 1803 808 1843 Reidum,
827 1803 1046 1838 secretarium
1064 1801 1178 1848 Regis,
1201 1807 1235 1836 et
1254 1801 1514 1839 Buchananum,

269 1867 402 1912 aliaque
437 1868 605 1913 quaedam
633 1867 765 1913 scriptis
793 1866 966 1902 commifit.
1018 1866 1149 1901 Claruit
1177 1877 1268 1900 anno
1296 1866 1435 1901 Domini
1467 1868 1567 1906 1611,
1599 1879 1673 1913 reg·

269 1936 372 1965 nante
389 1931 412 1965 J
414 1932 520 1966 acobo
546 1931 663 1966 Primo
682 1931 717 1965 in
734 1931 923 1966 Britannia.

700 2073 762 2107 DE
788 2073 1028 2107 GULIELMO
1054 2073 1240 2108 CRAGIO.

269 2184 485 2218 GULIELMUS
506 2185 671 2219 CRAGIUS
697 2184 969 2231 Edinburgenfis,
993 2185 1083 2219 filius
1109 2185 1254 2219 Joannis
1281 2185 1405 2230 Cragii,
1432 2185 1571 2230 pastoris
1597 2192 1631 2220 et
1654 2199 1674 2221 a

268 2247 368 2282 sacris
394 2247 588 2282 sereniflimi
617 2248 707 2294 regis
743 2249 933 2289 Scotorum,
972 2248 1163 2295 Edinburgi
1193 2249 1227 2282 in
1258 2248 1355 2282 bonis
1385 2248 1492 2282 literis
1526 2249 1570 2283 ab
1606 2250 1676 2295 ipsa

268 2311 416 2357 pueritia
456 2312 588 2346 utiliter
628 2312 820 2352 educatus,
867 2312 990 2347 deinde
1033 2312 1135 2357 paulo
1178 2312 1249 2357 post
1295 2311 1423 2346 Gallias
1464 2312 1573 2358 petiit,
1616 2314 1673 2347 ubi
