1913 2692
283 202 323 230 50
674 198 737 228 DE
770 198 1104 229 SCRIPTORIBUS
1139 199 1299 229 SCOTIS.

284 291 342 337 qui
365 302 406 325 ea
429 290 544 325 Bedae
567 294 650 325 tom.
674 289 731 330 iii„
755 294 920 335 tanquam
942 289 1043 336 ipfius
1061 290 1154 324 fafita
1185 289 1442 335 adscripserunt.
1487 290 1582 325 Vixit
1605 302 1694 325 anno

284 354 423 388 Domini
442 356 520 393 630,
538 353 599 388 sub
616 353 840 399 Ferquhardo
857 353 968 399 primo
987 353 1169 388 Scotorum
1187 365 1267 400 rege
1285 354 1386 400 hujus
1402 354 1650 400 appellationis.

776 495 840 529 DE
865 495 1018 530 GALLO
1044 496 1197 531 SCOTO.

284 609 440 646 Gutus,
466 606 524 641 seu
554 606 668 652 potius
698 606 821 640 scotus
849 605 986 650 quidam
1014 612 1240 652 cognomento
1268 608 1396 648 Gallus,
1421 609 1527 655 (quod
1552 609 1587 643 in
1613 609 1693 644 Gal-

283 672 364 706 liam
393 669 508 705 miffus
536 670 580 704 ad
610 669 866 716 propagandam
899 669 1124 716 religionem,)
1162 682 1180 704 e
1215 670 1331 705 Scotia
1363 671 1463 706 claris
1494 673 1693 718 parentibus

281 741 403 775 ortus;
445 734 504 781 qui
545 734 656 780 primo
690 733 813 768 aetatis
846 733 930 767 flore
968 733 1173 768 Columbani
1211 734 1403 780 magisterio
1436 736 1693 770 commendatus

282 806 319 835 ut
343 800 379 834 in
404 798 570 846 regularis
596 798 687 832 vitae
710 798 892 843 proficeret
917 797 1101 843 disciplina,
1127 803 1225 833 tanto
1251 804 1368 833 autem
1392 799 1561 833 virtutum
1586 800 1691 834 crevit

283 869 476 911 augmento,
510 862 656 909 superna
682 862 794 907 gratia
825 861 858 896 se
892 861 1146 907 praeveniente,
1176 866 1275 897 tanto
1302 862 1394 908 quod
1423 863 1531 898 studio
1562 863 1694 898 divinas

283 928 457 974 exoptavit
495 926 698 972 Scripturas,
740 930 779 959 ut
817 925 858 959 de
895 924 1056 959 thesauro
1095 925 1154 960 suo
1194 937 1284 960 nova
1320 926 1473 972 proferre
1515 926 1622 972 poffet
1660 934 1694 962 et

281 998 398 1027 vetera
422 1004 430 1032 ;
463 990 707 1037 grammaticae
742 989 846 1023 etiam
880 988 1016 1035 regulas
1049 993 1321 1035 metrorumque*
1341 990 1547 1025 subtilitates
1579 992 1694 1036 capaci

282 1056 546 1103 consequeretur
562 1054 709 1101 ingenio.
752 1052 904 1088 Obscura
920 1058 1036 1087 autem
1057 1052 1314 1098 Scripturarum
1335 1058 1407 1087 tam
1425 1053 1595 1099 sapienter
1611 1053 1694 1089 scire

281 1120 474 1156 volentibus
503 1118 674 1158 reseravit,
704 1122 743 1153 ut
769 1117 886 1152 cuncti
919 1116 979 1163 qui
1012 1115 1084 1162 ejus
1117 1117 1337 1162 prudentiam
1371 1123 1405 1151 et
1441 1116 1611 1152 sermones
1636 1130 1695 1153 au-

281 1186 425 1224 dierant,
456 1182 681 1218 admiratione
711 1193 790 1216 eum
820 1186 855 1215 et
882 1180 983 1215 laude
1008 1179 1236 1226 dignissimum
1256 1181 1460 1227 judicarent.
1512 1182 1589 1221 Qua
1612 1181 1696 1227 sapi-

281 1248 393 1283 entiae
423 1246 623 1281 maturitate
664 1244 795 1279 faffitum
830 1243 885 1283 est,
920 1248 959 1277 ut
995 1243 1229 1279 universorum
1268 1244 1441 1279 communi
1483 1244 1618 1279 consilio
1660 1252 1693 1279 et

274 1311 419 1359 juffione
453 1308 657 1345 Columbani
696 1307 839 1345 abbatis,
879 1319 941 1352 per
979 1306 1125 1353 singulos
1159 1307 1272 1342 sacrae
1311 1308 1536 1354 promotionis
1568 1309 1694 1354 gradus

280 1375 471 1415 ascendens,
506 1373 632 1407 imitus
666 1371 843 1406 sacerdotii
878 1370 1062 1417 susciperet
1096 1370 1308 1416 dignitatem.
1372 1370 1438 1404 Hic
1480 1370 1516 1404 in
1555 1370 1693 1405 Ticouia

280 1441 364 1474 urbe
387 1438 431 1473 ad
451 1437 664 1472 Lidiniacum
688 1436 826 1474 fiumen,
851 1433 1016 1468 convulfis
1037 1434 1194 1468 omnibus
1217 1434 1430 1469 idololatriae
1451 1434 1692 1473 monumentis,

278 1502 486 1538 Christianae
508 1499 684 1546 religionis
709 1498 933 1532 fundamenta
955 1497 1049 1542 jecit,
1074 1502 1109 1532 et
1131 1497 1263 1532 radices
1293 1495 1448 1531 altiflime
1474 1497 1553 1543 egit.
1605 1497 1691 1531 Cum

277 1572 393 1601 autem
429 1565 557 1604 Gunzo,
593 1563 784 1598 Suevorum
817 1562 897 1601 dux,
932 1561 976 1595 ad
1012 1560 1302 1595 Constantiensem
1331 1559 1563 1606 episcopatum
1594 1560 1690 1594 illum

280 1635 425 1669 vocaret,
452 1626 643 1663 solitudinis
667 1630 801 1661 amator
823 1624 1054 1671 episcopatum
1084 1623 1180 1658 illum
1205 1623 1332 1658 Joanni
1362 1623 1505 1658 diacono
1533 1628 1567 1657 et
1595 1623 1690 1657 disci-

278 1694 359 1741 pulo
385 1693 443 1728 suo
468 1691 665 1738 impertivit.
717 1688 884 1724 Similiter
910 1688 982 1734 post
1004 1687 1184 1727 Eustachii,
1216 1686 1350 1721 abbatis
1375 1686 1568 1721 monasterii
1598 1687 1689 1732 quod

278 1757 468 1792 Luxovium
496 1755 629 1793 dicitur,
657 1753 798 1792 obitum,
830 1764 933 1798 quem
964 1752 1074 1786 bonae
1101 1749 1286 1784 memoriae
1316 1749 1549 1784 Columbanus
1577 1749 1689 1785 eidem

277 1824 350 1856 loco
390 1819 562 1867 praefecit,
596 1818 720 1852 fratres
754 1828 835 1862 ergo
872 1816 908 1850 in
946 1815 1067 1850 eodem
1108 1813 1273 1849 coenobio
1306 1813 1479 1848 constituti
1511 1812 1688 1848 confilium

276 1885 436 1921 inierunt,
463 1888 501 1917 ut
531 1881 761 1916 venerabilem
795 1879 934 1914 Gallum
963 1883 1173 1918 revocarent,
1205 1882 1240 1912 et
1266 1877 1338 1923 ejus
1365 1877 1523 1924 regimini
1550 1877 1583 1912 se
1613 1877 1687 1911 sub-

277 1949 388 1984 dendo
423 1946 674 1985 contraderent,
718 1943 838 1979 Gallus
877 1955 958 1977 vero
992 1954 1111 1976 eorum
1144 1941 1318 1987 postulatis
1354 1940 1476 1976 renuit.
1535 1941 1587 1975 De
1622 1941 1687 1976 hoc

276 2013 375 2048 Gallo
402 2012 514 2051 Scoto,
536 2009 714 2044 Cornelius
739 2007 1016 2053 Cornipolitanus
1041 2006 1077 2040 in
1102 2005 1190 2039 libro
1213 2005 1254 2039 de
1281 2004 1512 2050 Temporibus,
1538 2003 1686 2039 Sanfims

278 2077 406 2116 Gallus,
432 2074 553 2120 inquit,
581 2085 599 2107 e
631 2071 741 2107 Scotis
768 2071 917 2111 veniens,
942 2070 1033 2116 apud
1059 2069 1236 2104 Helvetios
1265 2067 1505 2103 monasterium
1530 2067 1686 2102 aedifica-

275 2144 343 2176 bat.
398 2139 444 2174 Et
464 2138 719 2177 Volaterranus,
743 2135 800 2170 lib.
819 2145 897 2169 XVI.
916 2133 1260 2172 Commentariorum,
1283 2132 1401 2167 Gallus
1423 2132 1529 2166 abbas
1550 2143 1593 2166 ex
1615 2131 1685 2177 Hy-

276 2203 422 2239 bernicis
447 2201 566 2241 Scotis,
595 2201 673 2243 (hoc
699 2200 754 2241 est,
782 2199 893 2235 Scotis
918 2197 1108 2241 Insulanis,)
1135 2196 1307 2236 oriundus,
1333 2195 1393 2230 sub
1419 2194 1593 2241 disciplina
1620 2195 1684 2230 Co·
