1913 2692
262 201 303 230 38
652 201 714 230 DE
749 199 1080 231 SCRIPTORIBUS
1114 201 1275 232 SCOTIS.

408 291 573 337 Epistolas
590 291 633 325 ad
650 291 806 332 diversos,
825 292 881 326 lib.
901 302 923 325 1.

408 355 450 389 In
470 354 686 401 [secundam]
706 356 891 390 editionem
909 355 1045 394 Donati,
1064 356 1120 390 lib.
1139 366 1162 390 1.

409 419 450 452 In
466 418 629 452 Prisciani
646 419 816 458 volumen,
834 418 890 453 lib.
910 429 933 452 1.

409 482 569 516 Carmina
586 481 703 516 diverfi
721 482 864 527 generis,
879 481 936 516 lib.
956 492 977 515 1.

267 546 383 580 Edidit
424 551 459 579 et
496 545 659 591 H3Tnnos,
703 546 826 591 quibus
868 544 1004 579 ecclelia
1037 545 1146 579 utitur
1179 545 1270 591 apud
1303 545 1503 591 pontificios,
1538 545 1672 584 scilicet,

268 616 285 626 ‘⁴
298 608 409 643 Hostis
435 608 589 642 Herodes
616 608 747 653 impie,”
773 613 807 642 et
834 608 895 641 “A
924 607 1012 641 Solis
1035 613 1130 641 ortus
1155 608 1320 647 cardine,”
1345 614 1448 654 atque
1473 608 1540 642 alia
1566 609 1673 654 plura.

268 672 333 706 Hic
366 672 515 711 tandem,
550 677 588 705 ut
623 671 821 717 Sigebertus
853 671 977 711 scribit,
1009 670 1183 716 episcopus
1217 670 1393 705 ordinatus
1426 671 1500 710 fuit,
1534 670 1590 705 sed
1623 682 1677 705 ec-

268 734 399 770 clefiam
427 735 481 769 vel
510 736 631 770 urbem
660 735 719 770 ubi
747 748 814 770 non
846 735 1016 781 exprimit.
1085 734 1216 768 Claruit
1247 746 1337 768 anno
1367 734 1489 768 Christi
1519 736 1590 768 434
1616 734 1676 768 sub

268 798 410 834 Caesare
440 798 624 833 Theodofio
647 798 794 844 juniore,
820 798 980 845 Fergufio
1007 799 1163 832 Secundo
1191 799 1226 832 in
1257 797 1371 832 Scotia
1397 803 1572 844 regnante.
1626 798 1677 832 De

269 863 333 897 hoc
351 862 494 898 auctore
512 863 611 909 plura
629 863 779 897 scribunt
799 860 1000 909 Sigebertus
1014 868 1048 897 et
1068 862 1208 897 Bostius.

701 1007 763 1040 DE
803 1006 980 1041 SANCTO
1019 1004 1249 1039 PATRICIO.

272 1119 480 1157 PATRICIUS‚
516 1118 748 1152 Hibernorum
783 1118 970 1163 Apostolus,
1006 1115 1143 1149 natione
1183 1115 1314 1153 scotus,
1348 1113 1391 1148 ad
1431 1113 1604 1159 Kilpatrik
1646 1114 1679 1148 in

272 1182 387 1216 Scotia
416 1183 462 1215 22
490 1181 544 1215 die
582 1181 723 1227 Augusti
751 1181 785 1214 in
816 1181 926 1214 lucem
954 1179 1074 1218 editus,
1105 1179 1147 1212 ab
1174 1178 1313 1212 ineunte
1343 1182 1456 1211 aetate
1482 1189 1502 1211 a
1530 1178 1680 1222 parenti-

273 1247 334 1280 bus
368 1246 468 1280 sacris
501 1245 608 1279 literis
644 1245 793 1279 traditur
828 1244 1040 1278 imbuendus.
1108 1242 1181 1287 Ipse
1221 1253 1302 1275 vero
1336 1241 1487 1275 animum
1524 1241 1680 1275 adhibuit

273 1308 449 1342 literarum
480 1308 603 1347 studiis,
638 1307 820 1353 praecipue
849 1312 965 1341 tamen
992 1306 1137 1352 psalmis,
1171 1305 1315 1351 hymnis,
1346 1310 1380 1338 et
1414 1304 1554 1338 canticis
1588 1304 1681 1350 spiri-

272 1371 421 1406 tualibus
460 1371 634 1411 discendis,
672 1371 707 1404 in
742 1370 881 1416 jejuniis
921 1375 955 1404 et
994 1370 1118 1416 vigiliis
1154 1369 1280 1408 multis,
1315 1380 1354 1403 ac
1387 1368 1451 1414 piis
1484 1368 1680 1403 sanctorum

274 1435 429 1469 laborum
463 1434 635 1469 exercitiis
669 1446 792 1480 corpus
827 1439 985 1468 tenerum
1026 1439 1215 1467 conterens.
1276 1432 1385 1468 Simul
1419 1444 1458 1466 ac
1492 1432 1560 1478 ipse
1595 1445 1680 1478 puer

274 1498 407 1534 lextum
445 1498 615 1532 decimum
649 1497 811 1544 attigiffet
852 1510 990 1537 annum,
1024 1509 1102 1530 cum
1135 1496 1210 1530 aliis
1249 1495 1403 1541 pluribus
1445 1495 1679 1541 compatriotis

274 1574 295 1596 a
333 1562 453 1608 piratis
493 1562 578 1595 fines
619 1561 695 1596 illos
733 1561 998 1606 depredantibus
1038 1559 1179 1605 rapitur,
1219 1564 1253 1593 et
1286 1559 1321 1592 in
1352 1558 1554 1593 Hiberniam
1588 1559 1681 1592 duci-

274 1631 340 1660 tur.
408 1625 527 1660 Postea
559 1637 580 1659 a
612 1624 774 1659 servitute
817 1624 981 1658 liberatus
1014 1623 1049 1656 in
1083 1622 1298 1656 Britanniam
1336 1621 1447 1660 rediit,
1482 1622 1541 1656 ubi
1576 1623 1681 1656 bonas

276 1690 392 1724 literas
419 1689 517 1723 avide
550 1688 762 1734 scienterque
796 1688 922 1736 discere
956 1686 1077 1731 coepit,
1112 1685 1249 1731 optimis
1282 1684 1359 1718 usus
1392 1685 1679 1730 praeceptoribus

276 1754 333 1800 qui
363 1753 551 1787 Martinum
584 1752 790 1786 avunculum
824 1751 946 1797 primo,
981 1754 1016 1784 et
1045 1749 1255 1783 Germanum
1291 1747 1588 1782 Altifiodorensem
1623 1761 1681 1782 an-

275 1817 413 1851 tistitem
436 1817 557 1862 postea,
588 1816 670 1850 dum
700 1816 757 1850 ille
787 1815 972 1849 Britannos
1001 1825 1022 1848 a
1050 1811 1235 1857 Pelagiana
1263 1811 1389 1846 haerefi
1419 1812 1591 1851 liberaret,
1620 1824 1682 1858 per

275 1881 401 1915 multos
443 1892 549 1914 annos
581 1884 820 1925 praeceptores
861 1876 1075 1913 observavit:
1126 1887 1147 1909 a
1185 1875 1339 1910 Palladio
1379 1875 1559 1915 institutus,
1599 1875 1681 1909 teste

276 1944 496 1979 Buchanano.
544 1943 677 1977 Deinde
707 1942 742 1976 in
771 1942 919 1988 patriam
949 1940 1084 1975 rediens
1110 1939 1154 1972 ad
1180 1938 1412 1973 Glastoniense
1441 1938 1681 1973 monasterium

275 2006 410 2045 seceffit,
444 2006 559 2052 ibique
588 2005 666 2051 plus
693 2017 795 2051 quam
816 2004 913 2039 annis
942 2003 1084 2049 triginta
1109 2002 1204 2036 vixit.
1256 2002 1406 2036 Tandem
1433 2003 1579 2036 Romam
1604 2013 1681 2048 pro-

275 2072 395 2110 fectus,
437 2070 480 2104 ad
517 2069 689 2103 Hibernos
727 2067 891 2102 insulares
922 2080 943 2101 a
976 2066 1164 2101 Caelestino
1204 2066 1321 2100 Primo
1356 2067 1487 2100 Romae
1520 2066 1680 2111 pontifice

276 2134 443 2180 apostolus
472 2133 683 2171 mittebatur,
713 2143 791 2166 cum
826 2131 963 2178 Segetio
996 2129 1200 2176 preibyterQ
1231 2129 1291 2175 qui
1322 2129 1525 2176 Pelagianae
1554 2129 1681 2164 haeresi

276 2198 311 2231 in
341 2197 491 2231 Scotiam
524 2195 707 2242 pullulanti
740 2194 876 2229 obviam
910 2194 984 2231 iret,
1018 2193 1090 2239 post
1119 2192 1311 2227 Palladium
1345 2192 1556 2226 defunctum.
1614 2193 1682 2227 Sed

275 2260 450 2306 postquam
478 2259 524 2294 ibi
553 2258 705 2294 haeresin
734 2257 828 2293 illam
862 2255 1068 2296 eradicaffet‚
1099 2261 1133 2290 et
1164 2256 1284 2290 sacella
1318 2255 1411 2290 varia
1440 2254 1617 2296 fundasset,
1646 2256 1681 2290 in
