1913 2692
272 209 313 241 36
666 207 728 238 DE
761 206 1093 238 SCRIPTORIBUS
1127 206 1289 236 SCOTIS.

414 298 655 333 Meditationes
672 299 707 332 in
725 297 906 333 Davidicos
924 297 1087 343 Hymnos‚
1105 295 1171 331 five
1188 295 1348 335 Psalmos,
1366 295 1423 330 lib.
1442 306 1464 328 1.

416 363 470 397 Ex
488 362 674 396 Sententiis
692 361 898 396 Sanctorum
916 361 972 394 lib.
991 370 1014 394 1.

416 426 642 472 Epistolarum
660 426 716 459 lib.
736 435 758 458 1.
777 425 820 459 ad
837 424 1024 459 Monachos
1041 422 1089 457 sui
1107 423 1243 457 ordinis.

272 491 317 524 Et
350 490 417 524 alia
454 489 601 535 plurima
635 500 721 534 quae
763 487 886 534 injuria
919 486 1083 533 temporis
1119 486 1304 531 perierunt.
1372 486 1498 520 Plenus
1539 485 1678 519 tandem

272 554 413 592 dierum,
443 558 476 586 et
502 553 670 586 bonorum
696 563 839 597 operum
861 551 963 589 dives,
994 551 1037 584 ad
1064 549 1252 584 Candidam
1276 549 1404 589 Casam,
1431 549 1466 583 in
1491 549 1621 595 templo
1648 549 1679 583 ei

272 617 393 656 dicato,
424 616 529 649 vitam
559 627 636 649 cum
665 619 777 648 morte
804 613 1037 653 commutavit,
1069 615 1113 647 16
1139 613 1278 647 Calend.
1308 613 1477 651 Octobris,
1506 615 1595 647 anno
1628 624 1681 647 re-

272 686 411 727 paratae
442 680 557 714 salutis
587 681 666 718 432,
698 678 757 713 sub
788 677 950 724 Fergufio
980 676 1147 712 Secundo.
1213 676 1296 722 Ejus
1324 675 1430 710 vitam
1464 676 1590 722 scripsit
1623 676 1682 710 Al-

273 745 396 779 dredus
414 745 518 779 abbas
536 742 731 778 Rivalensis.

716 886 779 920 DE
815 884 982 920 COELIO
1021 883 1230 917 SEDULIO.

275 998 457 1032 SEDULIUS
480 997 598 1035 senior,
624 997 678 1031 vel
704 996 840 1031 Coelius
866 995 1032 1035 Sedulius,
1057 994 1239 1041 presbyter,
1266 995 1403 1029 natione
1431 994 1574 1035 Scotus3
1601 994 1681 1028 Sco-

274 1061 425 1107 tigenam
452 1061 555 1095 etiam
581 1060 649 1106 ipse
677 1060 709 1094 sc
733 1059 887 1093 nominat
913 1059 1010 1093 initio
1037 1059 1210 1105 cujusdam
1234 1059 1391 1106 epistolae
1417 1060 1460 1094 ad
1486 1059 1561 1094 suos
1586 1059 1681 1093 audi-

274 1130 390 1159 tores:
432 1125 638 1170 Sigebertus,
682 1122 919 1162 Bellarminus‚
953 1128 988 1157 et
1024 1121 1270 1157 Ecclesiasticae
1307 1121 1473 1156 Historiae
1507 1122 1604 1156 Cent.
1639 1121 1679 1154 V.

276 1188 444 1223 Henricus
467 1188 508 1221 de
533 1187 698 1227 Erfordia,
725 1186 941 1225 Trithemius,
965 1186 1129 1227 Lessaeus,
1148 1186 1282 1225 BaleuS,
1306 1185 1456 1220 Gelafius
1474 1186 1577 1231 Papa,
1602 1184 1682 1219 Bos-

275 1258 376 1286 tonus
399 1252 578 1291 Burienfis,
596 1251 762 1291 Paterius,
787 1250 973 1297 Remigius,
996 1256 1059 1285 etc.
1102 1251 1136 1285 Is
1157 1262 1178 1284 a
1197 1249 1396 1295 parentibus
1416 1249 1451 1283 in
1475 1249 1568 1283 omni
1588 1248 1681 1283 liter-

276 1328 373 1351 arum
400 1321 435 1350 et
457 1316 625 1350 virtutum
652 1315 759 1349 studio
785 1327 805 1349 a
831 1315 958 1349 teneris
984 1314 1117 1360 [annis]
1146 1314 1318 1352 educatus,
1345 1312 1456 1358 prima
1481 1311 1681 1346 eruditionis

276 1380 498 1414 fundamenta
528 1379 587 1414 sub
614 1378 825 1418 Hildeberto,
850 1377 1041 1413 doctiffimo
1065 1378 1246 1412 Scotorum
1275 1375 1535 1422 archiepiscopo,
1561 1374 1680 1421 posuit,

277 1444 331 1478 cui
352 1445 394 1478 ab
413 1443 552 1477 ineunte
575 1448 688 1477 aetate
710 1454 779 1476 non
799 1442 1018 1487 indiligenter
1040 1440 1222 1486 discipulus
1242 1440 1469 1474 adhaerebat:
1497 1451 1565 1485 quo
1586 1450 1683 1485 prae-

277 1513 414 1553 ceptore
443 1507 583 1541 tandem
611 1506 784 1545 defun&o,
821 1505 1028 1551 Hispaniam,
1062 1504 1219 1542 Galliam,
1249 1503 1394 1542 Italiam,
1428 1502 1617 1542 Graeciam,
1647 1508 1682 1537 et

278 1570 400 1611 Asiam,
427 1571 557 1616 majora
581 1569 728 1604 discendi
755 1567 917 1603 defiderio
941 1568 1145 1614 peragravit.
1196 1566 1370 1601 Postremo
1396 1567 1467 1612 post
1493 1566 1683 1612 publicatas

279 1635 314 1669 in
337 1635 468 1669 Achaia
488 1635 636 1681 regione,
662 1645 731 1668 non
756 1632 823 1667 fine
848 1632 1037 1666 multorum
1063 1630 1303 1669 emolumento,
1324 1630 1475 1664 lecturas
1500 1629 1681 1675 elegantes,

280 1700 426 1733 Romam
455 1699 566 1733 adhuc
591 1697 705 1732 rursus
734 1697 979 1735 revertebatur,
1010 1699 1045 1729 et
1073 1694 1183 1728 multo
1211 1693 1332 1727 sudore
1361 1698 1575 1739 comparatos
1605 1693 1683 1727 doc-

279 1762 389 1796 trinae
417 1761 591 1796 thesauros
620 1760 769 1795 ubertim
799 1771 837 1794 ac
864 1758 1043 1805 magnifice
1072 1758 1141 1792 illic
1171 1769 1307 1804 quoque
1334 1756 1527 1796 distribuit3
1561 1756 1614 1790 vir
1647 1756 1683 1790 in

281 1826 403 1859 divinis
436 1825 609 1871 scripturis
647 1823 862 1862 exercitatus,
902 1828 937 1856 et
976 1822 1011 1856 in
1044 1821 1250 1856 secularibus
1284 1820 1392 1855 literis
1433 1818 1681 1859 eruditiffimus,

281 1889 371 1924 unde
396 1888 572 1922 recondita
596 1886 786 1922 eruditione
816 1886 976 1925 imbutus
1002 1884 1177 1920 ecclesiam
1203 1885 1317 1930 postea
1344 1884 1527 1930 praeclaris
1556 1883 1682 1929 ingenii

281 1952 330 1987 sui
359 1951 599 1991 monumentis,
628 1956 704 1985 tum
733 1949 869 1984 astricta
897 1954 972 1983 tum
997 1948 1106 1983 soluta
1135 1948 1289 1983 oratione
1316 1947 1456 1993 scriptiS‚
1484 1946 1682 1986 illustravit;

282 2015 428 2061 eousque
458 2020 497 2049 ut
531 2015 566 2049 in
608 2013 763 2048 Decretis
796 2013 866 2047 dist.
903 2014 957 2046 15.
995 2011 1146 2047 Gelafius
1174 2011 1328 2058 pontifex
1362 2010 1592 2045 venerabilem
1626 2010 1685 2045 Se-

283 2079 414 2113 dulium
443 2077 624 2117 vocaverit,
655 2077 791 2123 ejusque
821 2088 889 2110 non
916 2075 1079 2110 mediocri
1108 2075 1208 2110 laude
1237 2073 1527 2110 commendaverit
1554 2073 1685 2119 scripta.

284 2142 429 2187 Ipsemet
449 2142 491 2176 de
511 2141 543 2176 se
567 2140 681 2176 scribit
703 2140 746 2175 ad
769 2139 1019 2179 Macedonium,
1041 2139 1221 2185 impatiens
1246 2138 1305 2173 fibi
1328 2135 1501 2183 contigisse
1526 2136 1688 2171 divinitus

284 2205 467 2251 ingenium.
518 2205 571 2239 Ex
589 2205 735 2250 quadam
753 2204 824 2249 ejus
842 2203 981 2249 epistola
1005 2207 1109 2248 patet,
1135 2201 1283 2235 scholam
1306 2200 1409 2235 etiam
1432 2199 1541 2246 ipsum
1564 2199 1688 2234 alicubi

284 2267 458 2315 apel-mise,
482 2274 516 2303 et
541 2266 691 2302 habuiffe
714 2267 909 2302 auditorum
935 2271 1060 2305 coetus,
1086 2264 1208 2310 quibus
1231 2264 1363 2299 Graeca
1387 2263 1484 2297 fimul
1509 2268 1544 2297 et
1568 2262 1689 2297 Latina
