1913 2692
680 198 741 228 DE
780 196 1113 228 SCRIPTORIBUS
1150 196 1312 227 SCOTIS.
1646 200 1705 231 109

289 291 368 326 dam
391 289 615 325 concionandi
637 300 764 335 genere
791 287 952 327 emicuit;
979 299 1020 322 ac
1045 287 1151 322 veluti
1177 288 1267 322 alter
1289 288 1469 323 electionis
1497 300 1554 323 vas
1580 291 1708 324 mundo

288 355 433 394 oblatus,
464 358 597 388 tantam
631 352 760 399 ingenii
787 352 856 387 vim
885 356 921 387 et
951 351 1095 387 docendi
1125 353 1231 387 robur
1257 352 1300 386 de
1334 352 1365 386 se.
1394 352 1547 393 ostendit,
1584 354 1618 387 111
1653 354 1709 387 (10-

288 417 549 454 clamationibus
582 417 626 452 ad
661 417 827 463 populum
856 416 905 451 ita
935 416 1048 451 verbis
1075 416 1186 456 le&is,
1216 416 1327 451 multo
1361 428 1439 451 cum
1474 416 1612 463 spiritus
1645 418 1710 451 fer-

287 493 376 521 vore,
409 480 554 516 disertus
583 485 668 521 erat,
698 486 733 515 ct
762 480 987 516 sententiosas
1019 480 1123 515 etiam
1154 492 1279 516 canora
1309 492 1400 520 voce,
1428 481 1535 521 vultu,
1566 494 1605 516 ac
1635 493 1709 516 cae-

286 546 368 582 teris
397 545 551 593 corporis
579 545 731 580 motibus
757 546 802 581 ad
828 557 902 580 rem
929 550 1003 580 erat
1030 545 1317 584 accommodatus,
1346 550 1384 579 ut
1412 545 1497 580 nihil
1524 545 1568 580 ad
1598 545 1709 580 laudis

285 609 461 646 cumulum
495 610 621 645 addere
654 609 763 656 pollis.
819 609 957 651 Quanta
990 614 1107 644 autem
1140 608 1243 655 hujus
1276 609 1341 643 viri
1375 609 1544 650 doctrina,
1579 615 1706 656 quauta

285 674 502 721 eloquentiae
535 674 586 709 vis
615 686 655 709 ac
688 674 843 721 maj0flas
870 673 985 713 fuerit,
1019 672 1145 719 partim
1180 684 1223 707 ex
1256 672 1478 713 sermonibus,
1508 673 1635 720 partim
1665 685 1706 707 ex

286 739 433 786 epistolis
457 743 492 774 et
520 738 733 774 orationibus
755 750 776 773 a
798 738 830 773 se
860 736 1080 773 eruditissime
1104 736 1213 777 editis,
1239 737 1379 783 quisque
1410 737 1557 772 dilucide
1585 738 1707 773 elicere

285 803 402 849 potest.
454 801 592 849 Scripsit
610 801 702 837 enim

431 866 603 901 Buccinae
621 866 786 901 Afflatum
804 866 964 911 primum,
984 864 1040 899 lib.
1062 876 1084 898 1.

432 930 488 964 Ad
506 929 695 975 Populares
713 928 858 969 Scofiae,
876 927 934 962 lib.
954 938 976 962 1.

431 992 616 1029 Consilium
634 992 669 1027 in
687 993 741 1027 his
758 992 941 1040 Angustiis.

429 1057 533 1104 Epist.
551 1057 596 1092 ad
612 1057 856 1092 Londinienses
872 1061 908 1092 et
925 1055 1019 1097 alios,
1038 1056 1094 1092 lib.
1114 1067 1136 1092 1.

431 1121 561 1157 Contra
578 1120 713 1157 Mifl'am
730 1121 943 1168 Papisticam,
963 1120 1020 1156 lib.

430 1185 472 1220 In
490 1185 639 1221 Genesin
659 1186 858 1222 Conciones.

288 1249 332 1284 Et
358 1250 426 1284 alia
449 1249 609 1296 plurima,
637 1262 725 1297 quae
751 1250 833 1285 alibi
859 1262 880 1285 a
905 1249 1004 1284 nobis
1025 1249 1128 1285 fufius
1155 1256 1411 1285 enumerantur.
1462 1251 1595 1286 Claruit
1618 1263 1708 1286 anno

286 1313 427 1349 Gratiae
446 1315 550 1355 1559,
569 1314 629 1349 sub
647 1314 784 1350 Scotiae
801 1314 922 1361 regina
941 1314 1061 1349 Maria.

699 1458 762 1494 DE
786 1458 973 1494 JOANNE
998 1457 1293 1493 DEMPSTERO.

285 1570 455 1605 JOANNES
484 1569 742 1611 DEMPSTERUS,
770 1570 828 1605 seu
858 1570 1049 1606 Themistor
1082 1569 1205 1610 dictus,
1237 1570 1334 1604 Juris
1363 1569 1539 1616 utriusque
1576 1570 1707 1605 Doctor

288 1634 453 1674 Lutetiae,
488 1639 522 1669 et
556 1635 765 1681 reipublicae
809 1635 963 1670 Venetae
1005 1633 1296 1674 bibliothecarius,
1331 1646 1458 1680 genere
1492 1639 1527 1668 01
1569 1634 1706 1668 natione

288 1700 420 1739 Scotus,
447 1711 489 1734 ex
514 1699 654 1734 honesta
678 1699 808 1734 familia
832 1699 1112 1745 Dempsterorum
1136 1697 1310 1738 oriundus,
1344 1703 1379 1732 01
1406 1697 1557 1733 Thomae
1580 1697 1708 1745 Demp-

287 1763 372 1799 steri.
396 1762 462 1797 viri
491 1762 620 1798 literati
649 1767 684 1798 et
714 1775 824 1810 nuper
849 1762 1035 1798 admodum
1065 1761 1230 1802 defuncti,
1257 1761 1415 1809 gentilis;
1446 1762 1504 1808 qui
1529 1762 1707 1809 postquam

287 1826 487 1862 literaturae
523 1826 735 1862 humanioris
768 1826 978 1862 curriculum
1011 1823 1212 1865 absolvisset,
1242 1824 1358 1860 missus
1391 1825 1438 1860 est
1471 1826 1516 1860 ad
1552 1827 1707 1862 Aberdo-

286 1889 388 1926 nense
429 1889 641 1937 gymnasium
677 1891 722 1926 ad
763 1890 922 1926 liberales
964 1895 1056 1926 artes
1096 1889 1330 1936 capescendas,
1375 1891 1434 1925 ubi
1475 1890 1708 1937 philosophica

286 1946 404 1995 studia,
434 1959 474 1989 ut
499 1954 604 1990 moris
630 1955 686 1996 est,
716 1955 899 1991 inchoavit.
948 1955 1016 1990 Sed
1045 1966 1086 1989 eo
1118 1954 1217 1989 cursu
1243 1960 1385 2001 propter
1416 1967 1569 1989 amorem
1596 1956 1709 2002 ponti-

286 2019 382 2055 ficiae
408 2018 584 2065 religionis
607 2018 740 2059 relicto,
766 2019 1003 2055 transfretavit
1027 2019 1063 2052 in
1089 2018 1247 2059 Galliam,
1272 2023 1306 2054 et
1332 2019 1551 2054 Lutetianam
1577 2020 1708 2054 Acade-

287 2082 400 2123 miam,
424 2081 533 2117 totius
558 2082 692 2118 Galliae
722 2082 990 2122 celeberrimam,
1018 2081 1112 2122 adiit,
1142 2081 1258 2129 ibique
1291 2082 1399 2118 studia
1428 2083 1623 2130 interrupta
1655 2097 1708 2119 re-

288 2145 412 2192 petiit3
439 2151 544 2192 atque
572 2147 644 2194 post
676 2146 831 2182 absoluta
857 2145 1089 2193 philosophiae
1116 2145 1234 2188 studia,
1254 2146 1544 2194 jurisprudentiae
1568 2160 1707 2196 operam

289 2210 391 2250 dedit,
426 2209 513 2246 tales
555 2216 672 2247 autem
709 2210 892 2258 tantosque
923 2210 1090 2257 temporis
1122 2209 1270 2246 successu
1308 2210 1502 2258 progressus
1540 2212 1630 2253 fecit,
1670 2218 1708 2248 ut

289 2273 464 2320 utriusque
501 2274 590 2321 juris
630 2275 755 2311 doctor
791 2279 968 2310 crearetur
1006 2274 1258 2310 celeberrimus.
1326 2275 1414 2311 Cum
1453 2276 1517 2312 hac
1564 2276 1707 2316 ratione,
