1913 2692
648 189 710 217 DE
747 187 1078 218 SCRIPTORIBUS
1113 186 1276 216 SCOTIS.
1634 189 1672 224 75

253 278 435 312 doeh-inae
469 289 595 324 genere
629 276 901 317 literatissimum,
932 282 1036 322 atque
1066 276 1156 311 hisce
1190 276 1348 310 omnibus
1383 276 1576 310 nominibus
1612 278 1671 311 im-

253 348 392 386 perator
422 340 624 375 Fredericus
655 340 833 375 Secundus
862 352 941 374 eum
971 340 1005 374 in
1036 340 1165 374 deliciis
1194 339 1324 374 habuit.
1376 339 1580 385 Comparata
1613 354 1671 374 au-

252 410 322 438 tem
361 405 540 438 doctarum
581 403 775 450 linguarum
814 403 1019 449 cognitione,
1063 403 1339 448 interpretationi
1379 402 1411 436 se
1453 402 1669 440 consecravit,

251 480 317 513 qua
343 473 449 513 parte,
477 468 614 513 Rogero
641 468 777 502 Bac-0110
802 468 895 507 teste,
923 469 1030 502 bonas
1055 472 1146 501 artes
1173 478 1240 500 non
1271 466 1490 500 mediocriter
1517 467 1669 511 juvabat.

251 531 434 565 Caeterum
467 531 558 565 hunc
588 531 792 566 Michaelem
822 531 888 565 suis
919 531 1132 577 temporibus
1162 531 1252 564 inter
1287 530 1371 564 alios
1401 530 1539 564 summis
1573 542 1671 564 orna-

251 596 334 629 bant
364 595 522 629 laudibus
546 595 699 630 Joannes
729 595 831 630 Picus
855 595 1071 630 Mirandulae
1101 606 1223 633 comes,
1251 594 1521 640 Symphorianus
1547 595 1670 628 Cham-

250 659 372 703 periuS‚
403 659 582 693 Cornelius
610 660 772 706 Agrippa,
802 659 866 693 viri
894 660 1052 694 doctrina
1077 659 1230 705 inlignes.
1282 657 1508 692 Penitissimos
1536 659 1668 704 magiae

249 722 393 757 receffus
423 723 601 757 dicebatur
628 723 778 758 maximo
808 723 962 758 omnium
989 723 1123 769 stupore
1154 721 1334 768 indagafle,
1363 728 1400 756 ut
1431 723 1480 761 fit,
1512 729 1550 756 ut
1578 723 1667 767 apud

250 787 370 832 vulgus
401 787 674 821 necromanticus
706 788 900 822 haberetur.
963 787 1030 821 Sed
1058 787 1226 832 optimum
1257 785 1409 819 omnium
1438 785 1666 821 testimonium

250 852 462 895 praebebunt
483 850 540 885 sua
558 863 683 896 opera;
702 851 793 885 inter
810 863 907 896 quae,
926 850 1011 885 haec
1029 850 1144 895 accipe
1159 862 1165 883 :

395 914 447 948 De
465 913 712 948 Constitutione
730 914 861 953 Mundi,
880 914 937 948 lib.
958 924 1006 947 IV.

396 978 436 1011 In
454 977 644 1012 Aristotelis
662 978 794 1017 Ethica‚
814 978 871 1012 lib.
890 988 926 1012 x.

395 1040 436 1074 In
454 1040 602 1086 ejusdem
620 1041 784 1081 Meteora,
803 1041 860 1075 lib.
880 1051 929 1074 lv.

396 1104 447 1137 De
466 1104 690 1144 Animalibus,
709 1105 753 1139 ad
771 1105 959 1144 Caesarem,
978 1104 1034 1138 lib.

393 1169 445 1202 De
464 1168 591 1203 Somno
609 1175 644 1203 et
662 1169 796 1215 Vigilia,
815 1169 872 1204 lib.

396 1232 566 1278 Imagines
583 1232 843 1273 Astronomicas,
862 1233 918 1267 lib.

394 1296 445 1330 De
464 1296 571 1330 Senl'u
589 1302 623 1330 et
644 1296 795 1337 Sensato,
814 1297 870 1331 lib.
890 1306 927 1330 11.

396 1360 447 1394 De
467 1360 712 1400 Chiromanffla,
731 1360 788 1395 lib.

394 1423 445 1457 De
464 1423 577 1469 Signis
594 1424 826 1464 Pkmetarum,
845 1430 908 1459 etc.

249 1487 394 1521 Caetera
426 1487 503 1520 vide
537 1487 573 1520 in
602 1487 767 1533 Catalogo
801 1487 913 1522 nostro
947 1488 1161 1533 Scriptorum
1196 1487 1378 1521 Scotorum
1412 1498 1500 1532 quae
1534 1492 1662 1525 extant,

249 1562 327 1584 nam
353 1561 464 1596 neque
491 1550 606 1584 omnia
631 1562 718 1596 quae
745 1550 780 1584 in
809 1562 847 1584 re
876 1550 1109 1597 philosophica
1133 1549 1270 1596 scripfit,
1297 1561 1360 1584 nec
1386 1562 1473 1596 quae
1500 1551 1541 1584 de
1568 1550 1664 1584 theo-

249 1614 366 1660 logicis
396 1613 582 1660 mystericis
611 1614 765 1648 exaravit
798 1614 868 1649 ulla
897 1614 1130 1649 inveniuntur.
1200 1614 1334 1648 Claruit
1366 1626 1456 1649 anno
1486 1615 1662 1659 postquam

251 1678 400 1712 Verbum
419 1689 497 1712 caro
515 1678 646 1713 factum
664 1678 710 1712 est
727 1679 832 1717 1290,
850 1677 911 1712 sub
927 1678 1062 1713 Joanne
1082 1677 1214 1712 Baliolo
1233 1677 1415 1712 Scotorum
1433 1689 1523 1723 rege.

648 1821 710 1855 DE
734 1820 920 1856 JOANNE
946 1821 1257 1856 SACROBOSCO.

246 1932 416 1966 JOANNl-:s
459 1931 721 1971 SACROBOSCUS‚
764 1932 849 1967 alias
883 1932 1031 1973 Halifax‚
1073 1934 1156 1968 item
1192 1934 1234 1969 de
1270 1933 1484 1973 Sacrobosco,
1521 1933 1583 1972 vel,
1623 1939 1661 1967 ut

248 1997 352 2030 habet
380 1995 485 2029 editio
515 1994 730 2035 Colonienfis,
765 1995 807 2029 de
842 1995 1060 2037 Sacrobusco,
1093 1996 1226 2032 Scotice
1260 1997 1356 2031 sonat
1390 1996 1611 2042 Halywoode,
1641 2010 1662 2031 a

248 2062 322 2095 loco
348 2061 454 2095 natali
483 2061 645 2095 nimirum
676 2060 719 2095 fic
748 2060 871 2100 dietus,
901 2060 993 2106 apud
1026 2059 1218 2106 Brigantes,
1243 2060 1308 2094 hoc
1335 2059 1391 2099 est,
1422 2059 1659 2099 Gallovidiam,

248 2125 284 2158 in
310 2124 464 2159 Candida
490 2123 583 2164 Casa,
611 2124 779 2170 originem
806 2124 942 2164 ducens,
970 2128 1005 2158 et
1031 2123 1159 2158 ibidem
1184 2123 1289 2169 usque
1315 2123 1358 2157 ad
1379 2123 1599 2169 juventutem
1625 2124 1661 2157 in

249 2188 347 2222 bonis
376 2187 484 2223 literis
510 2193 545 2222 et
570 2187 634 2233 piis
659 2188 811 2223 moribus
841 2187 976 2233 egregie
1006 2187 1187 2227 institutus,
1218 2186 1437 2223 humaniores
1466 2187 1583 2223 literas
1612 2187 1662 2222 in-
