1913 2692
592 200 653 229 DE
691 197 1023 229 SCRIPTORIBUS
1060 197 1221 227 SCOTls.
1579 198 1618 235 79

356 291 563 331 Quodlibeta
581 288 794 327 Scholastica,
813 288 869 322 lib.

356 355 395 388 In
414 353 595 399 Analytiea
612 352 811 389 Posteriora,
832 352 889 386 lib.
908 361 946 385 11.

354 417 635 462 Tetragreumata
653 415 831 461 quaedam,
849 414 907 449 lib.

353 479 573 520 Quaestiones
591 479 851 518 Universalium,
869 479 926 513 lib.

356 541 577 582 Quaestiones
594 541 967 580 Praedieamentorum,
986 541 1044 575 lib.

358 605 578 646 Quaestiones
596 605 631 639 in
649 605 889 651 Porphyrium,
908 610 942 639 et
960 610 1113 639 veterem
1131 605 1253 639 Artem
1272 605 1472 645 Aristotelis,
1491 604 1548 639 lib.

355 668 629 703 Commentarios
647 668 681 702 in
699 668 895 714 Evangelia,
914 668 971 703 lib.
990 679 1035 702 1v.

213 732 364 767 Tandem
395 737 508 767 aetate
532 732 631 772 virili,
661 743 892 778 praepropera
921 738 1042 772 morte,
1073 733 1254 779 apoplexia
1283 734 1407 773 taetus,
1435 733 1507 767 fato
1536 730 1627 768 eeffit

211 796 372 831 Coloniae
407 799 428 832 6
463 797 513 831 Id.
548 797 731 832 Novembr.
771 808 861 831 anno
895 808 916 831 a
950 796 1082 830 Christo
1120 802 1203 831 nato
1239 799 1341 837 1308,
1378 796 1438 831 sub
1473 797 1628 831 Roberto

210 861 335 895 Primo.
402 860 503 895 Jacet
537 860 584 895 ibi
618 860 769 906 sepultus
803 860 838 894 in
872 872 997 906 magno
1035 860 1063 893 F
1065 859 1338 895 ranciscanorum
1381 865 1553 895 conventu
1594 860 1629 894 in
1681 844 1691 852 δ

211 923 324 958 medio
366 923 461 958 chori
500 928 581 957 ante
620 922 791 957 summum
829 922 948 963 altare,
989 925 1110 958 tumba
1147 924 1334 959 admodum
1369 923 1553 970 splendida,
1594 924 1630 958 in

212 987 307 1033 cujus
343 987 489 1022 circuitu
522 987 661 1022 nomina
696 986 891 1033 quindecim
925 987 1108 1022 doetormn
1143 987 1272 1022 ordinis
1307 987 1340 1022 S.
1375 986 1545 1022 Francisoi
1581 987 1630 1021 in-

212 1050 342 1096 sculpta
374 1050 544 1097 legimtur.
605 1050 660 1085 Ad
691 1050 796 1096 pedes
828 1050 894 1085 hoc
923 1051 1066 1097 sequens
1099 1051 1313 1098 epitaphium
1347 1051 1482 1086 laminis
1516 1051 1630 1086 aeneis

213 1113 354 1149 incisum
371 1114 538 1149 habetur:

518 1226 594 1253 Ante
609 1225 702 1253 oeulos
717 1235 817 1253 saxum
831 1226 970 1254 doctorem
985 1227 1115 1264 deprimit
1128 1228 1234 1265 ingens,

556 1279 645 1315 Cujus
659 1279 694 1306 ad
708 1279 852 1306 interitum
867 1289 942 1307 sacra
957 1281 1085 1308 Minerva
1098 1282 1194 1319 gemit.

517 1333 588 1360 Siste
601 1333 727 1369 gradum,
741 1333 834 1365 lector,
849 1333 925 1361 fulvo
940 1334 1018 1362 dabis
1033 1335 1126 1362 oscula
1140 1345 1206 1362 saxo
1216 1346 1223 1367 ‚·

560 1387 669 1424 Corpus
682 1387 800 1415 <Ioannis
815 1387 883 1415 haec
896 1392 972 1416 tenet
986 1397 1055 1415 urna
1070 1388 1152 1415 Scoti.

520 1442 623 1468 Annus
637 1441 750 1468 milleno
764 1446 806 1468 ter
819 1446 932 1469 centum
946 1451 1010 1469 cum
1024 1442 1137 1469 adderet
1151 1447 1221 1474 octo,

561 1495 737 1522 Postremum
752 1495 850 1523 clausit
863 1495 939 1523 letho
953 1496 1074 1532 agitante
1089 1496 1172 1524 diem.

609 1635 672 1669 DE
698 1635 962 1672 FRANCISCO
987 1638 1230 1673 MAYRONE.

218 1748 447 1782 FRANCISCUS
477 1746 628 1786 MAYRO,
660 1747 735 1781 aliis
767 1747 880 1782 dietus
912 1748 1111 1783 Franciseus
1138 1749 1299 1789 Maronis,
1333 1750 1472 1784 natione
1500 1750 1632 1789 smus,

217 1817 254 1845 ut
298 1811 464 1845 testantur
508 1810 738 1846 Bellarminus
779 1818 814 1847 et
856 1813 923 1854 alii,
966 1812 1167 1858 profefiione
1206 1813 1391 1860 religiosus,
1432 1813 1560 1848 ordinis
1599 1815 1632 1849 S.

218 1874 396 1913 FranciscL
438 1874 497 1908 seu
539 1874 701 1909 Fratrum
743 1876 926 1917 Minorum,
973 1877 1156 1923 discipulus
1198 1878 1370 1923 quondam
1413 1883 1447 1912 et
1490 1878 1629 1913 auditor

215 1938 359 1974 Joannis
382 1938 480 1972 Duns
501 1938 604 1978 Seoti,
629 1938 792 1974 Dofitoris
816 1940 968 1979 Subtilis,
987 1941 1022 1974 in
1040 1940 1241 1976 Cathanefia
1264 1941 1440 1987 provincia
1465 1941 1633 1977 mediocri

219 2005 293 2038 loco
323 2007 432 2041 natus,
463 2013 483 2035 a
512 2001 630 2047 primis
660 2002 770 2037 statim
805 2003 902 2038 annis
931 2005 975 2039 ad
1001 2005 1176 2039 Musarum
1204 2005 1350 2040 sacraria
1378 2017 1399 2040 a
1432 2005 1632 2051 parentibus

219 2066 365 2103 honestis
386 2065 556 2100 addutstus
576 2066 651 2100 fuit.
698 2066 842 2102 Pietatis
863 2068 1110 2115 literarumque
1132 2069 1357 2104 fundamenta
1375 2069 1461 2115 jecit
1486 2069 1634 2104 fideliter

218 2133 252 2166 in
279 2130 392 2165 schola
420 2129 533 2175 patria
568 2131 795 2166 Aberdoniae.
863 2132 962 2173 Hinc,
994 2133 1087 2167 haud
1116 2133 1226 2167 multo
1256 2133 1437 2179 interjeeto
1467 2138 1633 2179 tempore,

220 2193 393 2229 Lutetiam
418 2193 632 2234 amandatur,
659 2194 717 2229 ubi
743 2195 863 2230 intima
890 2196 1122 2242 philosophiae
1145 2196 1249 2243 adyta
1272 2196 1332 2231 sub
1355 2197 1634 2243 praeceptoribus

222 2256 417 2294 fideliffimis
437 2258 540 2303 juxta
571 2264 606 2292 et
633 2257 839 2299 doetiffimis‚
868 2260 971 2294 nullis
997 2259 1130 2306 vigiliis,
1154 2259 1257 2295 nullis
1280 2259 1454 2295 laboribus
1482 2271 1633 2306 parcens,
