1913 2692
651 232 714 263 DE
748 231 1085 264 SCRIPTORIBUS
1121 231 1286 261 SCOTIS.
1632 235 1692 273 127

263 326 326 360 bus
364 330 469 364 ortus,
499 328 534 358 et
563 323 691 358 ibidem
722 322 767 357 ad
789 322 1009 368 juventutem
1038 320 1074 355 in
1104 321 1203 355 bonis
1235 320 1344 355 literis
1377 326 1411 356 et
1438 322 1504 367 piis
1533 324 1685 360 moribus

263 388 398 435 egregie
427 387 606 422 institutus.
657 385 777 421 Postea
804 390 946 432 propter
974 397 1135 431 magnam
1169 385 1297 432 ingenii
1327 385 1420 431 spem
1451 386 1683 433 Andreapolin

262 453 306 487 ad
331 452 454 487 altiora
478 450 586 485 studia
610 448 735 489 milsus,
762 450 853 484 inter
877 449 954 484 suos
980 448 1070 495 quali
1100 448 1275 495 supremus
1301 449 1459 490 emerlit3
1487 450 1537 485 ita
1561 451 1684 486 charis-

263 521 356 550 mata
378 514 521 549 meliora
546 513 748 553 aemulatus,
778 518 816 547 ut
846 512 1097 548 commilitones
1126 512 1202 547 suos
1230 525 1348 548 omnes
1376 514 1520 549 haberet
1545 515 1683 561 quidem

261 583 439 618 amatores,
467 590 529 612 nec
553 589 622 612 11011
647 583 683 612 et
709 577 942 617 admiratores,
971 575 1188 622 superiorem,
1214 583 1275 612 aut
1296 577 1402 613 etiam
1426 590 1554 624 parem,
1581 579 1683 625 plane

262 641 443 676 neminem.
503 641 550 675 Et
579 641 729 687 primum
753 640 1001 687 philosophicis,
1029 640 1152 674 deinde
1175 640 1385 687 theologicis,
1415 647 1486 676 tam
1513 642 1682 677 strenuam

261 704 399 739 navavit
427 716 577 750 operam,
611 709 645 738 et
675 703 711 738 in
743 702 894 749 utrisque
929 708 1001 738 tam
1036 703 1199 750 insignem
1232 704 1408 750 acquifivit
1441 706 1680 752 cognitionem,

260 773 299 802 ut
326 779 388 813 per
411 768 538 814 gradus
561 767 729 814 paulatim
753 766 947 807 aseendenS,
978 768 1120 802 tandem
1146 768 1332 815 theologici
1357 770 1540 815 magisterii
1569 770 1681 817 supre-

262 843 353 866 mam
381 832 525 877 adeptus
554 831 659 866 fuerit
688 831 851 871 lauream,
882 831 1066 877 omnesque
1094 832 1222 866 literati
1252 833 1317 866 viri
1346 833 1467 868 titulos
1494 834 1618 869 merito
1649 835 1680 869 ei

262 893 464 928 solennitate
499 894 646 940 quadam
681 893 823 928 oblatos.
890 893 976 928 Erat
1004 895 1168 941 fiquidem
1202 895 1339 942 ingenio
1372 902 1444 930 tam
1474 897 1573 937 felici,
1607 903 1679 933 tam

261 958 374 992 tenaci
401 957 576 997 memoria,
607 963 646 992 ut
673 969 878 1003 quocunque
906 958 940 992 se
970 958 1068 994 daret
1094 959 1143 1001 (et
1171 959 1295 1005 quibus
1322 959 1506 1006 disciplinis
1533 961 1680 996 honestis

262 1021 295 1056 se
326 1034 394 1056 non
424 1021 518 1056 dedit
533 1023 560 1067 ἲ)
595 1022 711 1056 omnia
740 1021 933 1067 perciperet
964 1027 999 1056 et
1032 1022 1347 1068 comprehenderet,
1378 1023 1447 1058 imo
1477 1024 1513 1058 in
1542 1024 1680 1070 singulis

261 1084 347 1119 adeo
376 1085 569 1124 excelleret,
601 1090 640 1119 ut
668 1083 876 1119 doffiffimos
902 1085 1051 1131 quosque
1079 1086 1114 1119 111
1140 1086 1293 1132 qualibet
1322 1087 1450 1121 artium
1477 1087 1678 1134 professione

260 1152 435 1194 aequaret.
501 1147 564 1181 Vir
601 1159 681 1182 vere
717 1148 887 1193 pacificus,
929 1149 1054 1195 quippe
1092 1149 1151 1195 qui
1185 1154 1220 1184 et
1253 1161 1332 1184 eum
1365 1151 1524 1186 omnibus
1558 1164 1678 1198 pacem

259 1211 386 1246 habere
409 1211 554 1251 studuit;
582 1211 617 1245 in
642 1211 682 1245 iis
706 1223 794 1257 quae
821 1211 940 1246 mundi
965 1211 1042 1247 fimt
1070 1212 1156 1247 mire
1182 1212 1325 1259 simplex
1351 1219 1385 1248 et
1411 1214 1582 1255 innocens,
1606 1216 1677 1262 pie-

258 1280 340 1315 tate,
376 1275 466 1310 vitae
499 1274 733 1315 sanctimonia,
769 1275 994 1315 humanitate,
1028 1276 1242 1323 benignitate
1274 1289 1355 1324 erga
1383 1289 1511 1319 omnes,
1541 1291 1581 1314 ac
1615 1280 1676 1313 im-

259 1339 380 1385 primis
412 1339 690 1385 incomparabilis
718 1339 900 1374 modestiae
930 1340 1097 1385 exemplo,
1127 1352 1197 1374 non
1231 1340 1333 1374 modo
1367 1342 1520 1382 caeteris,
1556 1354 1675 1378 verum

259 1402 364 1436 etiam
398 1402 502 1448 seipso
535 1402 698 1448 superior,
732 1403 870 1449 ingenio
910 1402 1050 1444 subtilis,
1079 1403 1210 1450 judicio
1243 1404 1377 1444 solidus,
1412 1405 1549 1451 eloquio
1583 1406 1676 1441 scho-

259 1466 401 1500 lasticus.
461 1465 607 1501 Accessit
640 1467 684 1501 ad
717 1467 780 1501 has
813 1472 957 1502 naturae
987 1467 1084 1501 dotes
1119 1467 1291 1509 industria,
1326 1474 1360 1503 et
1394 1468 1560 1504 assiduum
1587 1482 1674 1516 pene

259 1541 320 1575 per
346 1534 457 1564 totam
489 1530 595 1565 witam
629 1530 758 1576 ingenii
791 1531 1046 1576 memoriaeque
1081 1531 1293 1572 exercitium,
1325 1538 1360 1567 et
1394 1544 1463 1567 11011
1492 1533 1674 1580 indiligens

258 1593 418 1633 cultura;
457 1598 496 1628 ut
536 1593 596 1627 suo
635 1592 747 1628 seculo
787 1593 846 1627 vix
885 1593 1045 1639 cuiquam
1086 1595 1253 1630 secundus
1294 1597 1432 1632 habitus
1473 1597 1521 1632 fit.
1589 1598 1674 1633 Erat

258 1656 429 1691 sacrarum
467 1657 646 1692 literarum
688 1656 878 1703 explicator
918 1657 1150 1692 solertiffimus
1187 1664 1221 1695 et
1258 1659 1474 1701 fideliflimus,
1520 1661 1674 1696 veritatis

257 1720 407 1755 caelestis
428 1725 594 1766 patronus
617 1720 785 1766 imprimis
813 1721 976 1761 strenuus,
1004 1721 1212 1767 optimarum
1239 1722 1493 1769 disciplinarum
1518 1736 1597 1759 cum
1622 1725 1672 1760 in-

257 1783 425 1819 staurator
453 1790 528 1818 tum
562 1784 788 1819 conservator.
851 1784 970 1819 Poesm
1003 1790 1162 1820 acciu-ate
1197 1786 1324 1827 calluit,
1359 1787 1567 1823 rhetoricam
1601 1800 1672 1824 om-

257 1859 404 1894 nemque
445 1848 641 1894 politiorem
682 1848 885 1889 doeh-inam,
927 1861 1045 1884 omnes
1085 1855 1178 1885 artes
1218 1850 1385 1891 liberales,
1430 1851 1590 1898 phyficen
1637 1858 1671 1888 et

256 1911 430 1953 mathefin,
455 1925 524 1947 non
546 1925 567 1947 a
588 1912 708 1947 rivulis
734 1912 884 1953 sordidis,
909 1912 966 1948 sed
989 1925 1032 1947 ex
1058 1913 1240 1960 puriffimis
1262 1915 1423 1955 fontibus,
1450 1916 1514 1950 hoc
1540 1917 1595 1957 est,
1629 1929 1671 1951 ex

257 1975 397 2011 Graecis
427 1981 461 2010 et
496 1976 627 2010 Latinis
664 1976 864 2011 auctoribus
905 1976 1033 2022 primis,
1075 1977 1206 2012 haufit:
1241 1979 1451 2013 astronomus
1484 1980 1585 2026 longe
1611 1993 1671 2015 no-

255 2037 399 2073 tiffimus
442 2044 476 2074 et
520 2038 727 2080 clariffimus,
774 2039 1012 2075 arithmeticus
1055 2046 1091 2076 et
1128 2048 1306 2087 geometra
1351 2043 1496 2089 inlignis,
1542 2050 1581 2078 ut
1627 2056 1670 2079 ex

255 2101 387 2149 scriptis
437 2103 555 2149 liquet.
625 2104 775 2138 Graecas
813 2108 849 2138 et
890 2104 1065 2140 Hebraeas
1106 2106 1224 2141 literas
1264 2107 1418 2152 apprime
1460 2108 1587 2148 calluit,
1634 2108 1680 2143 in‘

250 2166 527 2212 jurisprudentia,
556 2168 845 2214 quemadmodum
876 2174 910 2202 et
943 2169 979 2202 in
1012 2169 1195 2215 theologia,
1227 2170 1476 2216 praeeminuit3
1513 2172 1604 2206 unde
1634 2171 1669 2206 in

256 2229 413 2276 suprema
441 2232 537 2266 curia
565 2232 625 2266 diu
652 2231 815 2266 senatoris
841 2243 966 2266 munus
991 2232 1118 2268 obibat.
1170 2233 1224 2268 Ob
1256 2233 1460 2280 fingularem
1488 2235 1663 2282 pietatem,

255 2293 457 2336 doctrinam,
490 2295 786 2342 prudentiamque,
818 2307 883 2341 per
916 2295 1162 2337 Cathanefiam,
1193 2297 1365 2333 Orcadum
1399 2303 1434 2333 et
1467 2299 1665 2336 Zetlandiae
