1913 2692
601 205 662 234 DE
699 204 1031 235 SCRIPTORIBUS
1066 204 1228 234 SCOTIS.
1586 207 1623 235 51

204 296 356 331 lumbani
390 294 592 335 sanetiflimL
628 294 758 329 diversa
791 294 956 329 coenobia
989 295 1105 334 obivit,
1140 295 1212 340 ejus
1248 295 1387 329 tandem
1425 295 1546 330 haeres
1581 303 1615 330 et

204 359 367 395 sueceffor
384 359 540 394 nominis.
590 357 808 393 Contexuiss'e
828 358 887 393 suo
904 364 1059 404 tempore
1078 358 1197 393 Gallus
1214 358 1331 393 fertur.

347 424 387 457 In
406 422 585 458 Elefflone
601 422 747 457 Joannis
764 422 917 462 Diaconi‚
936 423 1030 457 Orat.
1050 433 1071 456 1.

346 486 598 521 Gubernandae
616 485 783 521 Ecclesiae
801 486 971 525 Formam,
991 487 1047 521 lib.
1067 497 1089 519 Ι.

344 551 390 585 Et
419 551 464 586 ad
491 551 694 586 Vulmarum
722 550 956 597 prelbyterum
983 550 1116 584 Monita
1145 549 1317 585 Salutaria
1343 550 1459 590 edidit,
1486 555 1519 584 et
1547 550 1614 585 alia

392 614 549 660 plurima.

199 679 309 713 Febre
335 678 473 713 demum
498 684 685 725 correptus,
711 690 752 713 ae
777 678 941 724 languore
966 677 1103 725 preffus,
1131 677 1185 712 die
1213 678 1345 712 decimo
1371 678 1466 713 sexto
1491 678 1611 713 meniis

198 742 368 781 Getobris,
395 742 430 776 id
459 742 514 782 est,
548 742 594 778 17
626 742 697 777 Cal.
727 743 892 777 Novemb.
923 741 1070 787 expletis
1098 742 1144 775 95
1175 741 1273 775 annis
1302 741 1378 776 suae
1410 742 1543 781 aetatis,
1577 742 1612 776 in

200 805 374 841 seneemte
395 807 494 846 bona,
518 806 619 853 hujus
644 806 734 841 vitae
757 806 923 841 liberatus
948 804 1124 850 ergastulo,
1146 804 1297 839 animam
1320 805 1452 839 meritis
1476 806 1613 851 plenam

199 869 354 904 felicibus
387 870 545 909 reddidit,
579 869 677 905 bonis
712 869 926 904 inhaesuram
960 867 1178 914 perennibus,
1213 867 1304 903 circa
1336 880 1465 903 annum
1498 869 1613 905 salutis

199 933 370 967 humanae
412 934 492 973 640,
528 933 564 967 in
597 933 704 968 castro
739 933 923 979 Burguirio
962 931 1123 978 sepultus,
1157 937 1323 978 regnante
1362 933 1454 979 apud
1494 933 1614 968 Seotos

200 996 422 1042 Ferquhardo
439 1008 559 1031 eorum
577 1008 665 1042 rege.

767 1139 831 1174 DE
856 1140 1047 1175 AIDANO.

203 1251 374 1284 A1DANUS
407 1252 578 1290 AVINIUS,
610 1251 748 1286 natione
778 1251 925 1286 Scotus:
961 1251 1074 1286 Avina-
1107 1252 1289 1286 Scotorum
1323 1252 1432 1287 insula
1465 1254 1521 1293 est,
1556 1254 1614 1289 ubi

204 1313 287 1348 olim
316 1318 390 1348 erat
418 1314 520 1360 hujus
549 1314 675 1349 Aidani
702 1314 915 1349 coenobium.
970 1316 1059 1350 Cum
1089 1321 1206 1351 autem
1234 1316 1409 1352 Oswaldus
1440 1329 1502 1352 rex
1529 1318 1615 1352 Nor-

203 1377 458 1412 thumbriorum
476 1390 496 1412 a
514 1378 671 1412 Donaldo
698 1378 833 1413 Scotiae
857 1389 938 1424 rege
960 1391 1022 1424 per
1047 1379 1178 1426 legatos
1200 1379 1347 1426 petiiffet
1370 1380 1461 1415 viros
1484 1381 1614 1421 doetos,

205 1452 226 1475 a
259 1441 382 1487 quibus
412 1441 447 1475 in
476 1441 543 1476 fide
573 1441 815 1481 institueretur,
845 1441 995 1487 primum
1025 1442 1058 1476 S.
1089 1443 1280 1478 Germanus
1312 1442 1438 1484 miffus,
1468 1445 1526 1491 qui
1557 1446 1615 1480 ubi

204 1517 333 1540 annum
357 1510 470 1539 totum
496 1505 527 1539 N
529 1505 780 1540 orthumbriam
805 1504 980 1546 lustraffet‚
1005 1505 1124 1541 multis
1148 1502 1183 1540 in
1209 1506 1292 1542 locis
1313 1506 1513 1553 frequenter
1537 1520 1616 1543 eon-

204 1569 368 1609 cionatus‚
398 1575 534 1604 tantum
560 1570 670 1605 abfuit
700 1582 721 1605 a
747 1570 916 1616 prospetu,
944 1570 1098 1605 docendo
1125 1570 1374 1617 hortandoque,
1401 1576 1440 1606 ut
1466 1572 1551 1607 nihil
1576 1573 1617 1606 iis

204 1644 291 1678 quae
325 1632 489 1668 attuliffet
522 1633 730 1669 inefficacius
758 1634 866 1669 visum
901 1633 950 1668 fit.
1017 1633 1191 1679 Sequente
1220 1634 1337 1680 itaque
1366 1647 1465 1676 anno,
1495 1648 1534 1671 re
1567 1637 1617 1670 in-

204 1695 304 1735 seeta„
330 1695 366 1730 in
390 1696 537 1742 patriam
563 1697 610 1731 est
633 1697 796 1732 reversus.
847 1697 902 1731 Illi
931 1696 967 1731 in
993 1697 1113 1731 eadem
1139 1697 1240 1731 vinea
1266 1697 1416 1733 suceeffit
1441 1700 1617 1745 operarius

206 1759 368 1799 Amanus,
386 1764 425 1794 ut
442 1760 609 1795 testantur
626 1761 730 1801 Beda,
750 1758 1085 1806 Huntingdonienfis‚
1104 1765 1168 1794 etc.
1210 1760 1296 1795 Erat
1317 1766 1435 1796 autem
1456 1762 1512 1797 hie
1534 1763 1617 1797 Aid—

205 1834 291 1857 anus
312 1835 334 1857 a
355 1823 504 1868 pueritia
525 1823 616 1858 inter
638 1824 823 1859 monachos
844 1823 988 1859 Huenfis
1008 1823 1136 1859 insulae
1153 1824 1339 1865 educatus;
1365 1825 1441 1860 aliis
1463 1827 1618 1862 Aidanus

206 1885 385 1921 Insulanus
407 1887 531 1922 dietus.
578 1888 728 1923 Vocatus
748 1888 854 1935 igitur
873 1894 912 1923 ut
931 1888 1096 1935 populum
1118 1889 1387 1925 Northumbriae
1409 1891 1531 1926 Christi
1551 1892 1618 1926 fide

205 1949 401 1984 imbueret:
432 1963 551 1985 verum
581 1963 660 1986 eum
688 1952 842 1987 Aidanus
870 1951 1062 1987 saxonicae
1089 1952 1226 1999 linguae
1254 1954 1349 1988 rudis
1377 1953 1467 1994 effet‚
1497 1955 1621 1990 Oswal-

206 2013 269 2048 dus
297 2025 368 2054 rexi,
397 2014 559 2061 quicquid
586 2015 740 2050 Aidanus
769 2028 831 2062 pro
860 2016 1023 2051 concione
1049 2017 1094 2052 ad
1119 2017 1286 2063 populum
1314 2018 1448 2053 Sentice
1476 2019 1620 2058 dixerat,

205 2076 338 2112 ascenso
379 2090 398 2113 e
441 2079 580 2124 regione
622 2079 786 2125 suggestu,
829 2079 996 2116 Saxoniee
1039 2093 1058 2116 e
1101 2082 1250 2128 vestigio,
1293 2083 1476 2128 apostolico
1520 2083 1620 2129 plane

204 2140 323 2186 spiritu
348 2142 492 2182 afflatus,
521 2143 691 2183 reddidit;
717 2143 807 2178 unde
830 2149 944 2179 tantos
967 2150 1114 2191 uterque
1140 2144 1341 2192 progoeffus,
1363 2146 1518 2181 Aidanus
1543 2159 1622 2182 con—

203 2204 370 2240 cionando
412 2205 547 2246 sineere,
591 2206 766 2242 Oswaldus
802 2207 1061 2254 interpretando
1100 2209 1165 2255 pie,
1205 2209 1241 2244 in
1278 2211 1455 2257 evangelio
1487 2212 1618 2257 pervul-

205 2269 325 2313 gando,
360 2269 524 2309 fecerunt,
559 2276 598 2304 ut
631 2270 761 2316 septem
794 2271 927 2306 dierum
958 2271 1076 2318 spatio,
1111 2273 1310 2309 mortalium
1343 2275 1490 2321 amplius
1523 2287 1623 2321 quan*
