1913 2692
265 219 324 250 106
670 218 732 249 DE
767 218 1100 249 SCRIPTORIBUS
1135 218 1298 248 SCOTIS.

454 309 544 344 male
573 308 779 350 intellectos,
810 314 845 344 et
881 309 977 355 pejus
1006 309 1118 344 adhue
1145 309 1399 355 interpretatos,
1433 309 1564 343 summa
1596 321 1674 344 cum

454 371 632 420 diligentia
649 377 684 407 et
701 372 868 407 fidelitate
885 372 1042 419 explicat.

403 436 573 483 Epistolas
592 441 627 471 et
645 436 836 476 Orationes,
854 436 911 471 lib.
930 446 953 470 1.
972 440 1007 470 et
1024 436 1100 471 alia.

258 500 392 535 Claruit
408 511 498 535 anno
515 499 589 534 nati
606 498 849 545 Redemptoris
866 499 968 533 nostri
990 501 1091 540 1553,
1109 499 1170 535 sub
1187 500 1307 535 Maria.

663 641 726 677 DE
752 641 966 676 RICARDO
992 641 1260 678 MORYSONO.

255 755 448 789 RICARDUS
481 753 720 794 Momrsoxoe,
755 765 798 789 ex
833 752 949 788 Scotia
977 753 1126 789 honestis
1159 754 1360 800 parentibus
1393 759 1497 793 ortus,
1532 760 1567 789 et
1600 755 1667 801 ipse

253 818 368 864 postea
393 818 429 852 in
461 817 589 864 Anglia
617 816 780 863 equestris
814 816 952 852 ordinis.
1029 816 1095 853 Hic
1122 817 1317 853 adolescens
1345 818 1466 864 pietati
1494 823 1529 853 et
1557 819 1669 853 erudi-

252 882 339 930 tioni
373 886 557 928 parentum
591 893 674 916 cura
706 880 822 917 sedulo
855 880 1022 921 incubuit,
1055 884 1191 916 tantum
1227 886 1345 916 autem
1383 881 1419 916 in
1460 881 1667 917 diversarum

253 946 379 981 artium
406 945 554 981 scientiis
583 945 692 981 studio
723 958 763 980 ac
792 944 970 991 diligentia
996 957 1017 979 a
1040 945 1224 992 juventute
1252 945 1406 992 profecit,
1437 950 1476 980 ut
1505 945 1565 981 suo
1594 951 1668 981 tan-

253 1011 330 1044 dem
356 1009 467 1044 seculo
495 1007 695 1044 clariflimus
723 1009 919 1043 haberetur.
982 1009 1114 1045 Literas
1141 1021 1210 1044 non
1238 1021 1345 1056 parvo
1374 1009 1492 1045 labore
1519 1010 1554 1044 in
1581 1011 1668 1045 cele-

252 1074 410 1109 berrimis
435 1073 542 1109 totius
568 1073 704 1108 Scotiae
730 1078 765 1107 et
796 1072 942 1118 Angliae
971 1072 1151 1119 gymnasiis
1181 1073 1296 1113 coluit,
1323 1073 1481 1119 artesque
1509 1073 1667 1109 liberales

252 1138 425 1173 edidicit:
471 1137 642 1172 culturam
686 1136 792 1171 etiam
837 1136 931 1170 illam
977 1136 1111 1183 copiosa
1157 1136 1268 1172 meffis
1310 1137 1453 1183 sequuta
1495 1138 1550 1173 est.
1626 1139 1665 1173 In

252 1201 438 1248 Seripturis
467 1201 592 1236 sanctis
621 1213 642 1235 a
668 1200 817 1246 pueritia
845 1198 1098 1235 studiofiffimus
1123 1205 1158 1235 et
1184 1200 1334 1235 multum
1363 1201 1527 1242 eruditus
1561 1207 1664 1248 atque

250 1267 285 1300 in
319 1265 531 1312 philosophia
561 1264 873 1311 Peripateticorum
899 1264 987 1298 nulli
1017 1263 1076 1299 suo
1101 1269 1258 1311 tempore
1287 1264 1482 1305 secundus;
1510 1265 1545 1300 in
1571 1266 1664 1300 omni

251 1331 419 1364 bonarum
446 1328 700 1375 disciplinarum
733 1339 859 1374 genere
894 1329 936 1363 ab
970 1327 1041 1374 ipsa
1068 1327 1253 1374 juventute
1282 1327 1411 1374 optime
1445 1328 1596 1363 versatus
1629 1334 1664 1363 et

250 1393 467 1433 exercitatus,
513 1392 604 1427 unde
649 1390 824 1438 progreffu
870 1391 1036 1438 temporis
1080 1391 1200 1426 rhetor
1242 1391 1388 1438 insignis,
1431 1392 1583 1427 Graecae
1625 1405 1665 1427 ac

250 1456 391 1491 Latinae
440 1457 578 1503 linguae
626 1455 853 1502 peritiffimus,
899 1460 1016 1490 orator
1061 1455 1166 1491 etiam
1207 1456 1373 1491 facundus
1415 1455 1530 1491 evasit.
1602 1457 1664 1491 His

249 1520 381 1555 addidit
413 1519 590 1566 utriusque
617 1519 715 1566 juris,
750 1524 786 1554 et
819 1519 1035 1554 historiarum
1075 1531 1095 1554 a
1133 1519 1272 1554 condito
1309 1520 1438 1554 mundo
1477 1520 1593 1560 studia,
1629 1521 1661 1555 in

250 1584 373 1629 quibus
412 1584 505 1619 haud
543 1583 695 1618 infelices
738 1583 866 1618 fecerat
908 1581 1110 1629 progreffus.
1182 1583 1344 1618 Summae
1385 1583 1586 1618 eruditionis
1627 1590 1661 1618 et

250 1647 465 1694 eloquentiae
504 1647 642 1682 nomine
678 1647 768 1693 apud
802 1647 964 1682 Carolum
1002 1646 1170 1688 Quintum
1202 1646 1439 1682 Romanorum
1472 1647 1660 1682 Caesarem.

249 1717 283 1745 et
316 1711 401 1746 alios
442 1710 649 1747 Christianos
690 1710 870 1758 principes,
912 1709 1058 1745 oratoris
1098 1721 1223 1744 munus
1261 1722 1330 1744 non
1368 1710 1470 1745 semel
1511 1710 1661 1746 maximo

249 1774 402 1810 omnium
444 1774 607 1821 applausu
645 1779 680 1809 et
723 1774 854 1809 summa
890 1786 969 1809 cum
1010 1773 1217 1809 dexteritate
1258 1773 1408 1808 obibat:
1450 1772 1530 1808 hinc
1570 1775 1661 1820 apud

248 1849 367 1873 omnes
401 1838 494 1873 haud
533 1838 710 1885 vulgarem
749 1838 860 1873 inibat
895 1838 1052 1884 gratiam,
1090 1842 1233 1884 eratque
1274 1838 1346 1884 ejus
1381 1837 1473 1872 inter
1509 1837 1665 1874 homines

249 1904 369 1938 doctos
395 1901 650 1938 illustriffimum
685 1914 836 1942 nomen;
870 1901 1038 1948 imprimis
1065 1912 1147 1936 vero
1176 1900 1328 1936 Henrico
1357 1901 1501 1941 octavo,
1529 1907 1564 1936 et
1593 1902 1664 1948 post

249 1979 327 2001 eum
370 1967 541 2002 Edwardo
575 1967 647 2012 ejus
684 1966 763 2006 filio,
801 1966 993 2013 Anglorum
1032 1965 1180 2011 regibus,
1214 1976 1312 2000 carus
1344 1965 1419 1999 fuit.
1495 1964 1580 2000 Erat
1612 1965 1664 1999 vir

249 2032 340 2066 vitae
381 2030 581 2076 integritate
624 2035 659 2065 et
700 2029 860 2076 singulari
902 2028 1061 2064 doctrina
1102 2028 1312 2075 conspicuus,
1353 2028 1485 2064 subtilis
1525 2028 1662 2075 ingenii,

248 2094 378 2130 tenacis
408 2094 604 2134 memoriae,
635 2094 679 2129 ad
706 2093 916 2128 scholasticas
943 2092 1215 2128 concertationes
1242 2092 1329 2127 mire
1358 2097 1496 2131 acutus3
1525 2103 1663 2126 omnem

248 2158 460 2193 humanioris
510 2159 711 2193 literaturae
759 2162 928 2197 ornatum,
971 2155 1228 2202 philosophiam,
1271 2155 1583 2202 jurisprudentiam,
1628 2162 1663 2189 et

248 2221 467 2269 theologiam,
500 2222 655 2270 apprime
693 2221 837 2262 calluit3
869 2226 968 2256 tanta
1000 2219 1051 2255 rei
1084 2219 1255 2256 literariae
1289 2218 1365 2259 fitis,
1399 2223 1516 2254 tantus
1555 2231 1661 2255 amor.
