1913 2692
289 211 330 238 :34
685 207 747 236 DE
786 204 1119 237 SCRIPTORIBUS
1155 203 1318 233 SCOTIS.

292 299 340 333 sui
364 299 510 333 nominis
534 296 685 332 haerelin
714 296 861 335 excudit,
884 295 1057 329 hominem
1081 294 1206 329 scilicet
1232 293 1356 339 absque
1382 298 1522 338 peccato
1542 291 1698 338 originali

293 362 391 399 nasci,
420 367 454 395 et
484 359 669 395 voluntatis
698 359 840 393 arbitrio
868 358 935 392 fine
961 359 1073 404 gratia
1100 357 1220 392 salvari
1250 356 1349 403 poffe,
1377 357 1466 390 unde
1495 356 1699 402 baptismum

293 431 328 460 et
357 425 459 459 fidem
489 423 626 463 sustulit,
654 423 788 468 aliaque
815 422 915 467 hujus
944 421 1082 455 farinae.
1134 420 1303 456 Reversus
1329 420 1365 454 in
1390 420 1546 465 patriam,
1574 419 1700 452 multos

292 488 419 524 haerefi
443 488 500 522 sua
526 486 725 532 inquinavit.
776 487 868 519 Ante
898 484 1086 530 Pelagium,
1112 485 1224 530 inquit
1247 484 1381 523 Baleus,
1411 496 1480 517 non
1507 483 1602 517 novit
1626 483 1701 517 Bri-

294 553 411 587 tannia
433 549 701 586 monachismum
723 548 995 595 superstitiosum,
1018 559 1129 593 neque
1152 548 1274 582 Christi
1297 548 1428 594 gratiae
1454 560 1516 593 per
1538 548 1701 581 confictas

294 615 473 661 allegorias
502 614 671 648 anteferre
695 612 859 659 justitiam
890 623 1054 657 operum3
1084 623 1127 645 ex
1154 611 1213 645 illo
1231 611 1322 645 enim
1353 611 1437 645 haec
1463 611 1561 656 pestis
1591 611 1701 656 primo

295 680 396 719 venit,
427 684 465 713 ut
491 690 533 712 ex
560 678 682 712 arbore
708 677 799 710 mala
823 676 956 710 fructus
982 675 1127 720 iniquus.
1185 674 1356 708 Adversus
1380 680 1496 709 autem
1525 674 1625 720 hujus
1651 686 1702 708 er-

296 755 389 777 rores
416 742 618 788 scripserunt
649 739 863 786 Augustinus,
895 739 1051 785 Cyrinus,
1089 738 1328 784 Hieronymus,
1363 738 1506 778 Orofius,
1538 739 1702 773 Innocen-

295 807 372 846 tius,
407 805 613 843 Gennadius,
648 809 682 838 et
716 803 862 837 Thomas
898 801 1172 836 Bradwardinus.
1245 801 1386 848 Infignis
1424 801 1479 836 hic
1522 801 1703 836 haeresiar-

296 872 375 905 ches
420 869 529 903 multa
574 867 735 914 perutilia
779 866 953 900 volumina
998 864 1195 911 composuit,
1243 865 1419 911 postquam
1466 865 1617 899 animum
1659 865 1702 899 ad

297 934 509 969 scribendum
539 931 680 978 appulit‚
710 931 801 965 unde
836 930 973 976 quidem
1004 941 1072 964 non
1102 929 1284 969 immerito,
1315 930 1358 963 ob
1388 929 1522 963 felicem
1554 928 1703 963 indolem

298 999 332 1032 in
350 998 442 1032 omni
458 1008 583 1044 genere
601 995 736 1033 artium,
755 994 813 1028 fibi
831 1006 988 1040 magnam
1008 993 1236 1027 eruditionem
1254 993 1473 1039 comparavit.
1525 992 1662 1038 Scripsit

442 1058 604 1095 Studiofis
637 1064 708 1092 tres
737 1056 936 1092 necessarios
966 1057 1007 1090 de
1035 1057 1119 1091 Fide
1147 1057 1323 1091 Trinitatis
1349 1057 1462 1095 libros,
1493 1062 1527 1091 et
1557 1068 1619 1102 pro
1650 1068 1703 1090 ac-

489 1123 574 1157 tuali
592 1120 856 1160 conversatione,
876 1121 932 1155 lib.
952 1131 974 1154 1.

441 1187 663 1233 Eulogiarum
691 1197 733 1220 ex
761 1184 883 1219 divinis
911 1184 1095 1230 Scripturis
1122 1184 1179 1218 lib.
1204 1195 1227 1217 1.
1254 1184 1482 1230 capitulorum
1511 1184 1643 1218 indiciis
1668 1184 1703 1218 in

489 1250 629 1284 modum
656 1248 774 1283 Sancti
803 1248 965 1294 Cypriani
995 1248 1158 1294 Martyris
1182 1248 1444 1294 praefignatum.

298 1318 345 1350 At
386 1315 562 1361 postquam
598 1312 791 1347 haereticus
830 1310 1021 1357 defignatus
1056 1311 1111 1352 est,
1147 1312 1257 1346 multo
1294 1312 1394 1357 plura
1434 1312 1539 1346 edidit
1577 1311 1704 1346 haeresi

298 1380 375 1415 suae
392 1378 551 1417 faventia,
570 1382 605 1412 et
622 1389 700 1411 cum
718 1387 799 1410 vera
816 1374 944 1421 pietate
961 1375 1159 1421 pugnantia.
1208 1374 1348 1421 Scripsit

442 1440 676 1487 Expofitiones
693 1440 728 1474 in
746 1439 902 1478 Paulum,
920 1438 977 1473 lib.
996 1449 1074 1473 xlv.

442 1506 494 1540 De
512 1504 665 1539 Moribus
683 1502 902 1541 clericorum,
921 1502 978 1536 lib.
997 1512 1020 1535 1.

443 1569 499 1602 Ad
516 1567 730 1602 Bonifacium
748 1565 926 1605 Comitem,
945 1565 1002 1599 lib.
1020 1577 1058 1600 11.

442 1632 497 1666 Ad
515 1631 676 1665 Albinam
693 1635 728 1664 et
745 1629 939 1669 Melaniam‚
956 1629 1014 1663 lib.
1033 1640 1055 1663 1.

443 1696 495 1730 De
512 1694 626 1729 Liberi
644 1692 789 1728 Arbitrii
806 1692 943 1738 Vigore,
960 1692 1017 1727 lib.
1036 1703 1059 1727 1.

444 1759 609 1805 Epistolas
626 1758 670 1792 ad
687 1756 844 1796 diversos,
862 1756 919 1790 lib.
938 1766 961 1789 1.

302 1824 401 1858 Unde
435 1828 509 1857 erat
545 1834 566 1856 a
605 1821 671 1855 suis
704 1819 925 1866 popularibus
954 1819 989 1853 in
1019 1819 1160 1854 exilium
1197 1821 1305 1861 actus,
1340 1826 1379 1856 ut
1417 1821 1452 1855 in
1488 1821 1637 1867 Epistola
1663 1821 1706 1856 ad

301 1887 490 1921 Martinum
520 1885 688 1926 Quintum
726 1883 899 1918 Valdenus
931 1883 1045 1918 habet.
1107 1884 1240 1919 Claruit
1269 1896 1359 1919 anno
1392 1884 1555 1919 salutiferi
1589 1890 1707 1930 partus

303 1952 383 1989 390,
418 1950 477 1984 sub
512 1948 667 1995 Eugenio
707 1947 825 1981 Primo
859 1946 1040 1981 Scotorum
1073 1959 1164 1994 rege,
1205 1954 1239 1982 et
1276 1948 1429 1983 Maximo
1462 1948 1706 1983 Britannorum

301 2026 403 2060 rege;
436 2012 681 2047 condemnatus
712 2010 852 2045 tandem
882 2022 943 2056 per
969 2010 1142 2057 episcopos
1164 2011 1199 2046 in
1225 2011 1401 2058 Ephefino‚
1430 2011 1707 2058 Carthaginienfi.

302 2081 336 2110 et
374 2075 574 2110 Milevitano
600 2073 759 2113 conciliis,
795 2073 853 2119 qui
880 2078 994 2108 tamen
1021 2074 1056 2109 in
1084 2075 1236 2121 papismo
1270 2087 1402 2110 errores
1435 2076 1470 2109 in
1504 2076 1705 2110 hodiernum

304 2138 408 2184 usque
427 2139 517 2173 diem
535 2137 774 2173 defenduntur.
