1913 2692
260 206 321 236 116
655 206 716 235 DE
752 204 1083 236 SCRIPTORIBUS
1112 204 1273 234 SCOTIS.

712 375 775 409 DE
799 374 980 409 JACOBO
1006 373 1238 408 CRITONIO.

263 485 426 521 JACOBUS
460 486 672 524 ΟΒΙΤοΝΙυε,
701 496 827 531 genere
856 489 891 519 et
919 483 1058 518 natione
1095 483 1227 524 scotus,
1261 495 1304 518 ex
1334 483 1462 518 familia
1493 482 1672 523 Clunienfi,

265 549 300 582 in
340 548 488 594 Angufia
526 546 696 595 generosis
735 547 936 593 parentibus
976 550 1080 586 ortus,
1123 558 1145 580 a
1180 545 1308 581 teneris
1344 546 1443 581 annis
1483 546 1517 580 in
1560 545 1673 580 schola

265 612 509 658 Edinburgena
538 612 637 647 bonis
662 611 771 646 literis
800 611 1012 651 informatus,
1040 616 1075 645 et
1103 611 1139 645 in
1165 609 1352 644 Academia
1382 609 1674 655 Andreapolitana

264 674 503 721 philosophicis
530 675 646 710 studiis
671 675 832 709 imbutus.
883 674 1065 720 Postquam
1095 685 1178 709 vero
1202 677 1295 708 artes
1320 672 1479 707 liberales
1504 685 1546 707 ex
1576 678 1674 718 parte

265 736 439 778 didiciffet‚
462 739 605 785 jamque
630 738 681 773 sui
703 738 793 785 juris
819 738 919 784 plane
944 737 1066 777 factus,
1096 737 1229 771 nullum
1258 735 1429 782 peculiare
1454 735 1601 770 studium
1629 735 1675 770 est

264 800 406 843 secutus,
434 802 491 837 sed
518 802 610 849 quali
636 814 699 849 per
723 802 837 837 omnia
862 806 1014 847 vagatus,
1042 800 1094 835 uti
1119 805 1193 835 erat
1213 799 1350 846 juvenis
1374 798 1572 845 multiplicis
1597 799 1676 833 doc-

263 864 375 900 trinae
407 871 442 900 et
469 866 664 906 memoriae,
692 866 913 913 stupendique
942 864 1080 911 ingenii,
1111 863 1214 898 modo
1238 862 1273 897 in
1298 861 1541 909 grammaticis,
1572 862 1675 896 modo

266 929 301 962 in
335 930 478 974 poeticis
513 935 548 965 et
582 930 771 970 rhetoricis,
805 930 907 965 modo
942 929 977 963 in
1006 926 1247 974 philosophicis
1280 925 1405 965 studiis,
1435 930 1470 960 et
1503 925 1606 960 modo
1639 925 1675 959 in

265 992 476 1039 theologicis,
511 994 544 1029 se
575 994 737 1034 exercuit,
772 994 822 1028 ita
850 998 889 1028 ut
923 993 959 1027 in
992 991 1086 1027 omni
1118 1002 1243 1038 genere
1276 989 1494 1024 scientiarum
1528 987 1676 1024 doetiffi-

266 1067 343 1090 mus
369 1056 565 1091 haberetur.
616 1058 765 1092 Demum
794 1056 997 1103 longinquas
1025 1054 1125 1100 petiit
1153 1053 1318 1099 regiones,
1349 1058 1388 1087 ut
1420 1052 1489 1087 illic
1515 1051 1675 1087 meliores

266 1118 301 1151 in
338 1119 453 1154 studiis
485 1119 677 1167 progressus
709 1121 858 1157 faceret:
889 1125 924 1154 et
954 1131 1032 1153 cum
1065 1118 1100 1151 in
1134 1116 1255 1157 Gallia,
1290 1115 1483 1155 Germania,
1512 1120 1547 1149 et
1573 1115 1676 1149 Italia

265 1183 554 1229 peregrinaretur,
582 1185 672 1218 inter
699 1196 818 1218 omnes
852 1183 943 1217 viros
976 1182 1097 1216 doaos
1124 1180 1216 1214 illius
1251 1179 1352 1214 seculi
1377 1184 1543 1225 tanquam
1574 1179 1676 1213 mira-

266 1246 381 1280 culum
415 1247 602 1288 dofitfluae,
634 1247 798 1282 divinitus
832 1246 975 1286 missum,
1008 1250 1084 1279 tum
1121 1244 1210 1278 inter
1244 1242 1450 1282 Pontfficios,
1477 1248 1552 1277 tum
1585 1242 1676 1277 inter

267 1309 505 1351 Protestantes,
530 1310 668 1346 habitus
695 1311 750 1345 est.
806 1310 887 1344 Vita
916 1308 1016 1355 ipfius
1041 1309 1083 1342 ab
1114 1307 1203 1341 Aldo
1231 1306 1387 1342 Manutio
1414 1305 1539 1352 scripta
1568 1305 1614 1341 est
1641 1306 1675 1340 in

266 1373 477 1417 praefatione
512 1373 846 1409 Commentariorum
876 1373 920 1407 ad
953 1372 1134 1407 Paradoxa
1167 1371 1350 1411 Ciceronis,
1384 1381 1469 1416 quos
1506 1381 1676 1405 commen-

268 1436 373 1470 tarios
399 1437 510 1471 cidem
536 1437 692 1472 Critonio
714 1436 866 1471 inscribit
891 1436 1104 1481 dedicatque.
1152 1435 1192 1469 In
1216 1435 1340 1469 horum
1362 1433 1504 1468 decursu
1525 1433 1677 1468 carmina

268 1498 412 1533 Critonii
446 1500 611 1535 nonnulla
644 1501 687 1534 ab
717 1499 896 1533 oblivionis
929 1499 1053 1545 injuria
1085 1499 1234 1533 vindicat
1267 1498 1453 1538 Manutius,
1485 1509 1563 1532 cum
1596 1497 1676 1531 mir-

269 1561 350 1596 abili
388 1562 447 1597 illo
484 1568 738 1609 programmate
780 1563 885 1596 valvis
927 1563 1132 1597 Academiae
1169 1562 1355 1596 Patavinae
1389 1562 1500 1601 affixo,
1536 1561 1571 1595 in
1609 1573 1676 1607 quo

269 1625 404 1670 publice
445 1626 478 1661 se
520 1627 645 1661 obtulit
688 1632 808 1660 contra
854 1637 971 1660 omnes
1012 1624 1212 1672 profefl'ores
1253 1630 1288 1660 et
1329 1625 1488 1660 doctores
1529 1624 1676 1671 ejusdem

273 1689 476 1730 academiae,
507 1690 576 1725 imo
606 1690 712 1724 totius
746 1689 875 1728 Italiae,
904 1690 945 1724 de
976 1690 1068 1724 omni
1089 1689 1297 1736 vquaestione
1326 1689 1453 1723 artium
1481 1693 1541 1723 aut
1574 1688 1678 1722 scien-

270 1753 395 1787 tiarum
419 1766 496 1788 cuni
519 1754 585 1789 illis
610 1753 778 1788 disserere.
822 1753 922 1794 Quod
946 1754 1059 1799 postea
1079 1753 1193 1799 [fecit]
1214 1753 1249 1786 in
1270 1752 1462 1798 praecipuis
1486 1751 1676 1791 academiis,

272 1817 420 1852 maximo
448 1830 529 1852 vero
557 1819 592 1852 in
619 1817 689 1863 ipsa
720 1818 876 1851 Romana
909 1817 1056 1857 civitate,
1087 1816 1320 1863 praesentibus
1345 1816 1516 1863 pontifice,
1546 1815 1679 1850 cardin-

273 1882 391 1921 alibus,
420 1883 572 1919 ducibus,
602 1881 821 1928 principibus,
856 1881 995 1927 aliisque
1023 1881 1135 1915 doctis
1164 1881 1254 1920 viris,
1288 1881 1324 1914 in
1355 1893 1422 1926 qua
1450 1885 1583 1914 tantam
1619 1881 1677 1914 ob-

274 1945 378 1980 tinuit
419 1946 564 1985 laudem,
609 1945 762 1991 gloriam,
799 1950 834 1979 et
870 1945 1059 1984 victoriam,
1098 1950 1136 1978 ut
1174 1957 1194 1978 a
1229 1944 1406 1978 Clemente
1443 1943 1575 1978 octavo
1614 1955 1677 1988 pro

275 2010 467 2045 admirabili
502 2009 601 2056 ipsius
639 2008 776 2055 ingenio
810 2014 845 2043 et
881 2009 1047 2048 doctrina,
1088 2008 1346 2042 commendatus
1388 2006 1492 2041 fuerit
1531 2006 1676 2052 principi

276 2080 309 2109 et
344 2074 421 2109 duci
455 2075 497 2108 de
531 2074 684 2112 Mantua,
712 2073 755 2107 ad
786 2072 894 2106 filium
928 2072 1025 2106 suuni
1058 2072 1301 2106 instituendum
1335 2071 1369 2105 in
1403 2070 1496 2104 omni
1525 2070 1674 2115 politiori

275 2138 441 2173 doctrina.
492 2139 523 2172 A
550 2149 618 2183 quo
640 2137 754 2183 postea
778 2136 813 2170 in
836 2136 1008 2170 nocturna
1033 2136 1179 2182 quadam
1201 2134 1442 2173 ambulatione,
1469 2133 1560 2179 quod
1585 2145 1676 2167 ama-

275 2202 354 2237 fiam
381 2201 543 2247 principis
568 2200 748 2246 deperiret,
776 2200 957 2234 infeliciter
979 2199 1029 2234 est
1052 2200 1253 2234 interfectus
1276 2198 1311 2232 in
1337 2197 1459 2232 aetatis
1482 2190 1558 2231 suae
1582 2197 1675 2237 flore,

274 2278 352 2301 cum
391 2265 448 2299 vix
482 2264 691 2311 trigefimum
731 2263 892 2310 attigiffet
934 2276 1071 2298 annum.
1146 2263 1230 2309 Ejus
1272 2261 1399 2308 effigies
1437 2261 1473 2295 in
1510 2261 1676 2296 Vaticana
