1913 2692
610 214 670 243 DE
709 212 1042 244 SCRIPTORIBUS
1081 212 1243 242 SCOTIS.
1597 214 1636 240 45

365 307 456 341 Acta
473 304 532 339 SS.
554 303 719 339 Germani
737 307 771 338 et
789 302 885 349 Lupi,
903 302 961 337 lib.
980 312 1002 336 Ι.

365 369 500 415 Regum
517 367 764 402 Britannorum
782 366 975 406 Historiam,
994 366 1051 400 lib.
1070 376 1093 400 Ι.

363 433 416 468 De
434 432 590 467 Victoria
608 431 740 466 Aurelii
759 430 939 471 Ambr0fii‚
958 430 1014 465 lib.
1034 440 1056 464 1.

364 496 489 531 Versus
507 496 766 535 Vaticiniorum,
786 495 842 529 lib.
862 505 884 528 1.

363 560 416 594 De
435 560 541 595 Sexto
559 559 810 605 Cognoscendo,
829 558 886 593 lib.
905 569 928 592 1.

363 623 475 670 Super
492 624 613 659 eodem
631 623 746 663 Sexto,
766 622 823 657 lib.
842 633 864 656 1.

220 687 366 733 Aliaque
407 700 512 734 opera
552 699 640 733 quae
680 686 845 733 temporis
883 685 1008 733 injuria
1048 684 1235 731 perierunt.
1302 683 1476 718 Praedicti
1511 682 1631 718 Gilda<-

220 751 325 785 vitam
343 751 472 798 scripsit
491 752 686 787 Caradocus
703 750 1000 791 Laucarbanenfis‚
1019 750 1084 785 hoc
1101 749 1219 785 addito
1237 749 1388 784 carmine
1403 762 1409 783 z

564 862 705 889 Historiae
719 861 818 888 veteris
832 861 931 888 Gildas
943 862 1100 890 luculentus
1114 866 1204 889 arator

601 916 680 944 Haec
693 915 795 947 retulit,
810 924 893 952 parvo
907 915 1028 944 carmine
1041 916 1121 952 plura
1134 918 1241 942 notans.

219 1011 370 1046 Tandem
395 1010 438 1045 de
463 1010 639 1057 republica
664 1010 817 1045 literaria
837 1011 966 1056 optime
992 1009 1145 1049 meritus,
1172 1010 1195 1043 4
1220 1008 1292 1043 Cal.
1319 1007 1499 1042 Februarii
1527 1006 1633 1041 vitam

219 1075 328 1108 finivit
362 1074 398 1108 in
431 1073 539 1108 insula
569 1074 629 1113 Ila,
664 1073 723 1108 ubi
758 1079 792 1108 et
825 1074 977 1120 sepultus
1007 1073 1062 1113 est,
1093 1085 1183 1108 anno
1213 1076 1393 1118 reparatae
1422 1070 1539 1106 salutis
1571 1071 1633 1104 hu-

219 1149 339 1174 manae
357 1139 437 1178 512,
456 1138 516 1173 sub
534 1137 693 1173 Conrano
712 1137 894 1173 Scotorum
911 1149 1003 1184 rege.

638 1280 701 1315 DE
727 1280 909 1315 DAVIDE
935 1279 1218 1315 MENEVENSI.

222 1393 348 1427 Dum
377 1390 590 1426 Menevenfis
624 1391 819 1438 Episcopus,
850 1391 988 1427 natione
1019 1392 1150 1431 Scottis,
1178 1390 1313 1426 Paulini
1345 1396 1380 1426 et
1410 1391 1507 1425 Iltuti
1538 1403 1634 1437 prae-

220 1462 398 1503 ceptorum
425 1454 691 1490 doetiffimormn
724 1455 915 1502 discipulus,
943 1456 995 1490 vir
1021 1455 1080 1490 suo
1110 1455 1243 1490 saeculo
1270 1455 1360 1490 vitae
1388 1455 1569 1490 sanctitate
1599 1462 1632 1488 ot

220 1519 381 1567 singulari
412 1519 570 1554 doctrina
594 1519 744 1554 multum
769 1520 922 1560 celebris,
948 1520 992 1555 ab
1017 1518 1096 1565 ipsis
1120 1519 1249 1553 teneris
1274 1519 1372 1553 annis
1401 1519 1436 1553 in
1463 1519 1635 1554 exercitiis·

219 1584 357 1632 pietatis
398 1589 432 1619 et
474 1584 642 1618 bonarum
683 1583 863 1619 literarum
903 1583 1032 1618 solicite
1074 1584 1117 1618 ab
1160 1583 1268 1618 Iltuto
1308 1583 1411 1618 Scoto
1457 1583 1630 1618 educatus.

220 1649 339 1695 Spatio
368 1648 487 1682 decem
520 1659 689 1683 annorum
718 1644 844 1682 affi'due
874 1647 910 1682 in
944 1647 978 1682 S.
1013 1647 1211 1693 Scripturae
1240 1647 1389 1682 lectione
1423 1652 1458 1682 et
1491 1648 1634 1681 medita-

221 1713 313 1747 tione
341 1711 501 1751 versatus,
532 1723 595 1746 nec
624 1711 708 1746 alios
736 1711 869 1746 interea
896 1711 1062 1757 temporis
1088 1710 1210 1745 docere
1240 1709 1413 1757 aggreffus
1442 1711 1497 1746 est.
1548 1711 1634 1746 Erat

221 1777 334 1816 etiam,
368 1780 407 1810 ut
440 1775 609 1810 Lelandus
650 1780 685 1810 et
724 1775 782 1810 alii
815 1775 943 1815 dicunt,
977 1774 1133 1810 amabilis
1175 1774 1284 1814 valde,
1324 1775 1422 1810 vultu
1464 1776 1631 1813 venustus,

219 1841 330 1874 forma
363 1839 566 1885 praeclarus,
601 1839 776 1878 facundus,
809 1839 982 1885 eloquens,
1017 1844 1052 1874 et
1085 1843 1235 1885 quatuor
1268 1839 1464 1875 cubitorum
1506 1840 1632 1875 statura

220 1902 367 1937 erectus.
419 1901 609 1936 Duodecim
631 1901 834 1936 monasteria
858 1902 1058 1943 construxit,
1080 1908 1116 1937 et
1140 1903 1327 1938 monachos
1351 1902 1488 1938 suarum
1513 1916 1632 1939 manu-

220 1979 279 2000 um
303 1965 476 2000 laboribus
504 1965 661 2000 victitare
688 1965 841 2000 instituit.
884 1965 1106 2012 Pelagianam
1129 1965 1283 2001 haerefin
1308 1967 1512 2013 profligavit,
1540 1969 1630 2003 unde

219 2029 400 2064 Cambriae
427 2029 664 2076 metropolites
686 2034 721 2064 et
741 2029 869 2075 primas
893 2029 1006 2065 factus
1027 2030 1092 2070 est3
1119 2034 1223 2076 atque
1247 2030 1352 2065 etiam
1369 2043 1527 2077 magnam
1552 2043 1630 2066 cum

220 2094 374 2129 Arthuro
407 2106 488 2140 rege
516 2093 614 2128 inivit
643 2093 800 2140 gratiam,
831 2093 917 2128 adeo
944 2097 983 2127 ut
1010 2093 1053 2127 ab
1079 2092 1200 2128 eodem
1227 2105 1308 2139 rege
1336 2094 1379 2128 ad
1408 2094 1630 2141 archiepisco-

219 2162 339 2204 patum
366 2156 404 2192 fit
438 2158 588 2197 evectus,
618 2163 658 2192 ut
684 2156 787 2191 fufius
815 2156 922 2191 tradit
949 2156 1154 2202 Ranulphus
1185 2156 1384 2197 Cestrienlis,
1416 2158 1472 2192 lib.
1504 2159 1524 2192 i.
1555 2171 1627 2205 cap.

220 2221 292 2255 lii.:
329 2221 420 2267 quod
449 2221 498 2256 ita
527 2221 570 2256 ad
600 2221 877 2256 Normannorum
906 2220 1012 2267 usque
1040 2225 1198 2267 tempora
1225 2222 1417 2268 permanfit‚
1448 2228 1483 2258 et
1512 2235 1630 2259 omnes

219 2284 366 2331 episcopi
393 2284 571 2320 Vallorum
600 2285 643 2320 ab
669 2284 748 2331 ipso,
776 2289 815 2319 ut
840 2296 862 2320 a
885 2284 944 2320 suo
969 2284 1126 2331 prima-te,
1154 2285 1442 2322 consecrationem
1471 2299 1628 2334 acceper-
