1913 2692
676 223 738 252 DF,
763 222 1096 252 SCRIPTORIBUS
1132 222 1294 252 SCOTIS.
1629 227 1687 254 115

282 315 391 349 famae
424 313 536 348 locum
570 313 788 358 relinqueret.
855 313 939 346 Erat
973 311 1105 346 austero
1139 312 1327 358 supercilio,
1363 318 1396 346 οἱ
1435 318 1508 347 toto
1543 315 1692 359 corpori>⁴

282 378 412 417 habitu,
440 377 509 411 imo
532 376 685 411 moribus
711 375 766 411 hic
794 375 914 416 noster,
940 375 1159 421 iubagrestis3
1185 376 1241 411 sed
1269 377 1352 423 stylo
1379 382 1414 411 et
1440 377 1592 411 sermone
1619 391 1694 423 per-

283 443 442 480 urbanus,
479 452 584 486 quum
621 439 815 486 saepiffime,
852 440 906 474 vel
946 439 979 473 iu
1019 438 1121 479 seriis,
1157 440 1266 475 multo
1300 452 1378 475 eum
1412 440 1478 476 sale
1508 441 1693 486 jocaretur.

282 505 439 550 Denique
486 503 538 538 vir
579 515 681 549 quem
723 503 840 537 mirari
882 502 1015 537 facilius
1060 515 1163 548 quam
1203 503 1305 549 digne
1346 504 1542 550 praedicare
1586 504 1693 550 postis.

281 568 378 610 Quae
407 572 523 602 autem
550 567 725 613 praeclara
758 567 885 613 ingenii
921 572 1154 606 monumenta,
1185 567 1309 613 quibus
1339 568 1403 603 toti
1433 568 1507 602 orbi
1534 568 1693 603 innotuit.

281 632 373 678 apud
402 643 539 666 omnem
568 631 800 677 posteritatem
829 631 947 665 laudes
976 630 1187 666 immortales
1216 643 1409 678 nomenque
1440 644 1616 678 nunquam
1646 633 1695 666 in-

282 695 467 730 teriturum
512 694 712 730 consecutus
755 695 809 735 est,
857 694 989 740 scriptis
1028 693 1203 734 commisit,
1249 695 1304 730 hic
1353 695 1470 741 paucis
1517 695 1693 742 attingam.

281 758 438 794 fusiorem
455 770 574 794 eorum
591 759 844 794 enarrationem
861 760 897 794 in
914 759 1020 794 alium
1037 758 1150 793 locum
1166 758 1331 804 rejiciens.
1394 758 1511 794 Edidit
1530 759 1634 805 igitur

425 823 557 858 Rerum
575 822 787 858 Scotiearum
806 822 999 862 Historiam,
1016 823 1074 857 lib.
1093 832 1199 858 XXIV.

426 886 480 922 De
495 886 582 922 Jure
600 886 712 932 Regni
728 887 821 932 apud
839 886 967 926 Scotos‚
987 886 1179 932 Dialogum.

426 949 640 985 Psalmorum
658 949 799 984 Davidis
816 949 1041 996 Paraphrafin
1058 950 1243 986 Poeticam.

429 1011 482 1048 De
500 1012 654 1059 Sphaera
670 1012 800 1052 Mundi,
818 1013 875 1047 lib.
894 1023 929 1047 v.

429 1075 611 1115 Silvarum,
628 1075 836 1121 Elegiarum,
854 1076 1008 1117 lambam,
1026 1076 1343 1125 Hendecasyllabwn
1360 1078 1417 1114 lib.

427 1136 690 1172 Franciscanum
707 1142 741 1172 et
759 1137 907 1173 Fratres.

429 1200 615 1246 Jephthen,
634 1201 867 1247 Tragoediam.

431 1263 615 1311 Baptisten,
634 1264 869 1311 Tragoediam.

286 1329 331 1363 Et
364 1327 431 1364 alia
459 1328 616 1374 plurima.
679 1329 774 1364 Obiit
807 1329 999 1377 Edinburgi
1033 1343 1123 1366 anno
1155 1331 1273 1367 salutis
1306 1333 1476 1368 humanae
1510 1336 1611 1373 1552,
1652 1337 1696 1369 2ss

287 1392 341 1426 die
372 1391 593 1438 Septembris.
644 1392 718 1427 Viri
753 1393 871 1439 itaque
900 1394 1001 1440 hujus
1030 1395 1352 1432 benemerentiffimi
1389 1397 1545 1432 manibus
1578 1410 1699 1445 paren-

288 1461 380 1492 tatus
396 1454 565 1502 Josephus
583 1456 736 1504 Scaliger
752 1457 817 1492 hoc
835 1457 885 1492 illi
900 1458 982 1493 feeit
999 1459 1169 1506 elegidion
1183 1472 1190 1494 z

630 1568 782 1605 Postquam
795 1568 877 1596 laude
891 1572 940 1597 tua
952 1570 1078 1606 patriam,
1093 1571 1254 1609 meritisque
1267 1571 1363 1604 beasti,

668 1622 848 1655 Buchanane,
863 1623 918 1650 tuis
931 1623 996 1651 solis
1009 1628 1157 1661 utrumque
1170 1625 1251 1657 latus,

627 1675 801 1713 Contemptis
815 1677 922 1713 opibus,
937 1678 1033 1714 spretis
1046 1678 1225 1715 popularibus
1237 1678 1319 1710 auris,

670 1730 866 1767 Ventosaeque
879 1730 966 1767 fugax
979 1732 1146 1765 ambitionis,
1161 1733 1220 1760 obis
1230 1743 1237 1764 3

632 1783 759 1811 Praemia
773 1785 857 1821 quina
869 1790 966 1821 quater
979 1785 1093 1813 Pisaeae
1106 1786 1219 1814 functus
1235 1787 1332 1819 olivae,

668 1837 706 1865 Et
718 1838 846 1874 linquens
860 1840 945 1866 animi
959 1840 1074 1877 pignora
1087 1850 1147 1868 rara
1160 1841 1202 1868 tui
1213 1852 1219 1868 ι

629 1892 664 1919 In
677 1892 777 1929 quibus
790 1892 866 1920 haud
879 1893 930 1920 tibi
944 1903 972 1921 se
985 1893 1140 1921 anteferens:
1152 1904 1221 1931 quos
1234 1895 1306 1923 Itala
1320 1900 1394 1924 vates

668 1945 751 1972 Terra
764 1945 840 1973 dedit
850 1956 857 1978 3
873 1956 923 1974 nec
937 1956 1005 1983 quos
1019 1947 1113 1975 Gallia
1125 1952 1213 1975 mater
1225 1948 1282 1981 alit,

629 1998 800 2034 Aequabunt
812 2000 924 2036 genium
938 2000 1025 2028 felicis
1038 2001 1175 2034 carminis,
1190 2006 1218 2029 et
1231 2012 1302 2039 quae

670 2052 751 2079 Orbis
764 2053 848 2080 habet
860 2053 950 2081 famae
965 2055 1074 2083 conscia
1087 2056 1164 2093 signa
1177 2060 1251 2084 tuae.

629 2106 758 2144 Namque
772 2107 807 2134 ad
821 2117 981 2144 supremum
994 2109 1126 2145 perducta
1138 2111 1246 2147 poetica
1258 2111 1377 2143 culmen,

672 2161 707 2187 In
721 2165 749 2188 te
765 2165 827 2193 stat,
842 2172 892 2189 nec
907 2172 961 2198 quo
975 2163 1165 2199 progrediatur
1177 2164 1268 2192 habet.

633 2214 747 2251 Imperii
759 2215 849 2243 fuerat
864 2216 982 2243 Romani
998 2217 1089 2244 Scotia
1102 2217 1196 2245 limes:

670 2268 789 2296 Romani
804 2269 906 2306 eloquii
921 2270 1012 2298 {Sc-otia
1025 2270 1089 2298 finis
1102 2271 1161 2298 erit.
