1913 2692
615 243 677 273 DE
701 243 1033 274 SCRIPTORIBUS
1058 243 1220 274 SCOTIS.
1580 249 1619 278 13

358 335 410 369 De
428 333 608 380 Religione
627 333 875 368 Perfc&orum.

357 399 409 432 De
426 397 743 432 Praedicationibus
760 398 881 437 Sacris,

210 462 344 508 aliaque
362 462 464 497 varia.
504 461 637 496 Claruit
654 473 744 496 anno
764 463 866 501 1454,
882 461 940 495 sub
957 462 1089 497 Jacobo
1106 473 1186 508 rege
1204 462 1350 497 secundo
1369 463 1440 509 ejus
1467 464 1621 500 nominis.

628 588 690 622 DE
717 589 927 623 HENRICO
954 589 1197 624 LICHTONO.

210 693 400 728 HEchus
435 691 655 731 LICHTONUS‚
690 696 790 726 natus
827 692 862 726 in
899 692 1074 738 provincia
1100 694 1254 728 Memiae
1289 694 1324 728 in
1366 694 1621 740 septentrionali

208 761 306 802 parte
336 755 480 795 Scotiae,
520 768 563 790 ex
593 755 774 790 mediocris
802 756 960 790 fortunae
993 756 1193 802 parentibus
1221 758 1430 804 progenitus,
1467 771 1545 793 etun
1579 760 1621 794 ad

207 821 360 855 adultam
378 825 527 854 aetatem
552 818 764 866 pervenisset,
791 824 825 853 et
844 820 879 853 in
895 819 1009 854 schola
1031 820 1241 855 Taodunenfi
1259 821 1377 856 literas
1402 806 1622 857 humaniores

207 883 407 923 absolviss'et,
442 884 485 918 ad
513 883 734 917 Academiam
761 883 982 917 Andreanam
1008 883 1040 918 se
1066 884 1220 924 eontulit,
1248 885 1307 919 ubi
1333 891 1367 919 et
1385 885 1500 920 studiis
1526 888 1621 921 theo-

208 948 317 994 logiae
335 953 370 982 et
387 946 618 993 philosophiae
636 946 789 980 animum
818 947 959 987 addixit,
989 947 1075 981 adeo
1101 953 1139 982 ut
1169 954 1249 982 ante
1267 960 1395 982 anmuu
1421 951 1545 984 aetatis
1561 952 1621 985 tri-

205 1011 378 1058 gefimmn,
419 1011 560 1045 titulum
598 1011 799 1045 doctoratus
837 1010 876 1045 sit
912 1011 948 1045 in
984 1011 1158 1058 theologia
1197 1012 1405 1047 consecutus.
1470 1014 1619 1049 Tandem

205 1076 379 1122 episcopus
409 1074 627 1109 Moravieniis
660 1075 775 1109 favore
812 1074 934 1109 Jacobi
972 1075 1062 1121 regis
1095 1076 1202 1110 Tertii
1237 1077 1283 1111 est
1317 1083 1461 1117 creatus
1498 1091 1518 1112 a
1553 1092 1621 1124 quo

205 1151 267 1186 pro
296 1138 397 1185 ipfius
423 1139 549 1173 eximia
576 1139 735 1173 doctrina
771 1144 805 1173 et
834 1138 963 1184 pietate
989 1139 1032 1173 ad
1057 1139 1187 1185 majora
1213 1146 1247 1175 et
1272 1141 1430 1187 graviora
1464 1142 1621 1177 ecclefiae

205 1203 342 1249 negotia
358 1202 624 1237 administranda
639 1201 813 1237 adhibitus
831 1201 886 1236 est.
938 1201 1075 1248 Seripfit

348 1266 489 1301 Piarum
507 1267 772 1302 Meditationum
790 1266 847 1300 lib.
867 1276 905 1299 11.

348 1330 400 1364 De
419 1331 629 1376 Contemptu
647 1329 777 1369 Mundi,
796 1329 853 1363 lib.
873 1339 895 1362 Ι.

203 1393 335 1428 claruit
352 1405 444 1428 anno
463 1395 565 1431 1460,
583 1398 749 1439 regnante
767 1392 802 1426 in
821 1391 936 1426 Scotia
952 1392 975 1426 J
977 1394 1083 1428 acobo
1101 1394 1226 1428 Tertio.

616 1520 679 1554 DE
705 1519 926 1554 ROBERTO
952 1519 1204 1555 FLEMINGO.

202 1626 399 1660 Ronanus
429 1625 655 1663 FLEMINGUS‚
686 1624 825 1659 natione
853 1624 984 1663 Scotus,
1013 1635 1056 1658 ex
1086 1624 1179 1659 clara
1205 1624 1462 1672 Flemingorum
1488 1628 1616 1663 familia

201 1689 374 1728 oriundus,
402 1694 437 1723 et
463 1688 575 1734 primo
614 1688 706 1723 inter
734 1688 920 1723 monachos
950 1687 1172 1733 Glasguenses
1199 1688 1372 1727 educatus,
1404 1691 1518 1736 postea
1546 1705 1617 1727 ma-

195 1753 273 1798 jora
311 1752 460 1786 discendi
501 1752 609 1786 studio
638 1752 816 1791 excitatus,
853 1757 989 1786 exteras
1014 1751 1102 1797 petit
1126 1751 1303 1787 nationes:
1330 1754 1366 1787 in
1400 1754 1535 1790 Italiam
1569 1758 1614 1791 est

201 1816 384 1862 profectus,
425 1815 484 1850 ubi
526 1828 603 1850 cum
634 1815 786 1861 Baptista
828 1815 982 1851 Guarino
1021 1815 1199 1850 Ferrariae
1233 1817 1277 1851 ad
1306 1822 1442 1863 tempus
1478 1819 1612 1855 studuit.

201 1880 309 1915 Poeta
337 1891 406 1914 non
423 1879 574 1925 vulgaris
590 1885 673 1919 erat,
705 1879 961 1926 composuitque
979 1879 1117 1914 heroico
1139 1880 1290 1915 carmine
1318 1883 1488 1917 tractatus
1517 1885 1614 1929 quos-

199 1945 287 1984 dam,
306 1955 392 1990 quos
408 1943 469 1978 sub
486 1943 551 1978 hoc
568 1943 670 1978 titulo
689 1944 788 1980 Sixto
805 1945 938 1985 Quarto
955 1942 1109 1989 pontifici
1136 1943 1294 1979 Romano
1312 1945 1498 1981 dedicavit:

344 2007 637 2042 Lucubrationum
653 2008 911 2043 Tiburtinarum
928 2007 985 2041 lib.
1004 2017 1042 2040 11.

345 2069 572 2115 Epistolarum
589 2069 633 2104 ad
650 2069 798 2105 diversos
815 2071 872 2105 lib.
890 2081 913 2105 1.

344 2132 473 2167 Diverfi
490 2133 626 2179 generis
644 2133 814 2173 Carmina,
832 2134 890 2168 lib.
909 2145 931 2169 Ι.

342 2196 595 2231 Dic‘tionarium
613 2197 931 2238 Graeco-Latinum,
950 2198 1006 2231 lib.
1026 2209 1048 2231 1.

198 2260 331 2305 aliaque
356 2271 426 2294 non
462 2271 580 2306 pauca.
632 2260 764 2295 Claruit
793 2273 883 2296 anno
924 2262 1017 2307 pacis
1054 2262 1270 2308 evangelicae
1310 2264 1410 2304 1470,
1444 2272 1609 2311 regnante

197 2324 327 2357 Jacobo
345 2323 461 2358 Tertio
478 2323 514 2358 in
532 2323 655 2359 Scotia.
