1913 2692
632 221 692 250 DE
732 217 1066 250 SCRIPTORIBUS
1105 217 1266 248 SCOTIS.
1613 218 1653 247 65

377 313 488 358 Super
506 311 663 346 Canones
681 309 908 350 Armehaelis,
928 308 985 343 lib.
1005 319 1027 343 1.

379 376 434 410 Ad
451 374 614 410 Carolum
634 374 776 420 Regem,
795 373 852 407 lib.
872 383 895 407 1.

378 439 503 474 Versus
520 437 639 472 diverfi
656 438 800 484 generis,
820 438 877 472 lib.
898 448 919 471 1.

374 504 415 537 In
433 503 659 549 Evangelium
677 502 856 542 Matthaei,
875 502 932 537 lib.
952 511 1004 536 111.

376 567 428 601 De
447 567 575 602 Officiis
594 566 772 606 Humanis,
793 566 851 601 lib.
870 576 893 600 Ι.

376 631 428 665 De
447 631 575 665 Officiis
596 630 738 671 Divinis,
757 630 815 665 lib.
834 641 857 664 1.

378 693 561 739 Dialogum
579 693 621 727 de
639 693 781 733 Natura,
801 693 858 727 lib.
878 702 900 725 1.

374 757 425 791 De
445 757 596 791 Naturae
615 756 794 797 Divflione,
814 757 871 791 lib.
890 766 913 790 1.

376 821 428 854 De
446 820 557 866 primo
575 820 707 855 Rerum
725 820 910 866 Principio,
929 818 987 853 lib.
1006 828 1029 851 1.

377 885 428 918 De
449 884 669 923 Eucharistia‚
689 884 745 918 lib.
765 895 787 918 1.

375 947 648 982 Commentarios
667 947 932 993 Scriptummm,
951 946 1009 981 lib.
1028 957 1051 980 1.

376 1011 543 1046 Homilias
561 1010 721 1050 eruditas,
741 1010 798 1045 lib.
817 1021 839 1045 1.

374 1075 425 1109 De
444 1075 625 1109 Germanis
637 1075 739 1120 juxta
757 1074 938 1114 Irenicum,
957 1074 1014 1108 lib.
1034 1084 1056 1107 1.

230 1142 345 1186 Atque
369 1139 444 1179 alia,
464 1145 502 1173 ut
529 1139 603 1173 vult
626 1138 802 1173 Bostonus.
852 1138 931 1172 Divi
949 1137 1129 1184 Augustini
1148 1137 1455 1172 Benedictinorum
1480 1139 1644 1173 coenobio

230 1203 373 1238 Carolus
402 1204 494 1238 hunc
523 1202 630 1237 Ticini
658 1202 844 1248 praefecit;
876 1202 912 1236 in
943 1214 1011 1247 quo
1040 1207 1074 1237 et
1100 1202 1202 1236 senex
1233 1200 1348 1237 obiiffe
1378 1208 1521 1248 putatur
1555 1215 1644 1238 anno

230 1273 348 1313 partus
365 1269 509 1315 virginei
529 1269 607 1308 792,
627 1268 758 1303 Achaio
777 1267 889 1303 Scotis
905 1266 1135 1313 imperitante.

708 1412 933 1447 RABANUS
958 1412 1166 1447 MAURUS.

233 1523 422 1562 RABANUS,
454 1528 682 1569 cognomento
712 1523 931 1569 Magnentius
964 1524 1115 1563 Maurus,
1151 1524 1179 1558 F
1181 1523 1281 1558 uldae
1316 1523 1482 1563 conditor,
1515 1524 1645 1558 archie-

231 1586 385 1633 piscopus
418 1587 650 1633 Moguntinus,
694 1587 832 1622 Alcuini
865 1587 1119 1634 praeclarisfimi
1159 1600 1228 1622 non
1262 1593 1335 1622 tam
1377 1587 1508 1633 collega
1542 1600 1645 1633 quam

232 1651 422 1697 discipulus,
451 1651 588 1686 natione
618 1651 748 1691 Scotus,
773 1657 812 1686 ut
840 1652 966 1686 Baleus
989 1652 1122 1698 Anglus
1147 1651 1226 1686 satis
1251 1652 1375 1698 probat
1400 1657 1521 1686 contra
1545 1652 1645 1686 Rico-

232 1714 371 1748 baldum
402 1713 662 1754 Ferrariensem,
698 1714 945 1754 Ptolemaeum,
980 1716 1254 1755 Volaterranum,
1286 1721 1320 1749 et
1353 1715 1446 1755 alios,
1477 1716 1536 1761 qui
1567 1728 1645 1749 eum

234 1785 407 1824 utcunque
436 1778 587 1824 Anglum
622 1778 853 1813 nominarunt.
906 1779 1080 1813 Robertus
1114 1779 1283 1813 Gonletus
1317 1779 1503 1824 Compend.
1538 1779 1647 1813 Privi—

234 1843 296 1888 leg.
326 1842 531 1876 Academiae
560 1841 771 1877 Parifienfis:
810 1843 992 1877 “Primam
1026 1843 1219 1889 theologiae
1250 1842 1363 1877 sedem
1395 1843 1430 1876 in
1461 1843 1647 1878 Academia

233 1905 405 1940 Parisienfi
436 1906 620 1952 posuerunt
652 1906 827 1947 Alcuinus,
857 1906 1019 1947 Joannes,
1052 1907 1224 1947 Rabanus‚
1256 1912 1290 1941 et
1321 1906 1493 1946 Claudius,
1525 1907 1646 1940 Scoti.'‘

234 1970 364 2005 Eadem
383 1970 625 2004 Genebrardus
643 1970 848 2016 Chronolog.
867 1983 942 2017 pag.
961 1973 1041 2006 519.
1085 1971 1214 2006 Girald.
1237 1971 1265 2005 F
1267 1970 1480 2005 errarienfis:
1501 1979 1519 1988 ‘⁸
1534 1970 1647 2004 Delati

234 2035 268 2068 in
293 2034 441 2069 Galliam
466 2047 484 2069 e
508 2034 624 2068 Scotia
648 2034 810 2069 Claudius
834 2035 993 2075 Demens,
1019 2035 1191 2074 Rabanus,
1220 2040 1254 2069 et
1284 2035 1479 2069 Aleuinus.”
1530 2034 1648 2069 Omifit

233 2099 414 2138 Joaunem,
443 2104 477 2133 et
504 2110 566 2144 pro
599 2098 776 2133 Clemente
811 2098 1016 2133 Dementem
1046 2098 1135 2132 male
1163 2098 1255 2144 legit.
1310 2098 1467 2143 Denique
1498 2097 1587 2132 Galli
1614 2104 1648 2132 et

235 2162 399 2197 nostrates
429 2174 548 2197 omnes
577 2162 621 2196 ad
651 2174 758 2196 unum
786 2162 866 2197 fere.
922 2163 1093 2197 Tenuerat
1122 2162 1285 2196 Rabanus
1313 2161 1425 2196 adhuc
1452 2162 1649 2201 monachus,

235 2225 346 2271 inquit
377 2225 595 2264 Trithemius,
632 2224 780 2260 scholam
814 2225 1061 2260 monachorum
1095 2225 1267 2271 publicam
1303 2225 1337 2259 in
1372 2225 1536 2260 coenobio
1571 2225 1650 2259 Ful-

235 2288 337 2327 denfi,
369 2302 472 2335 quam
500 2289 604 2324 etiam
634 2290 739 2324 abbas
766 2289 990 2329 continuavit,
1019 2289 1055 2322 in
1084 2300 1152 2334 qua
1178 2288 1363 2323 monachos
1389 2300 1457 2323 non
1483 2287 1591 2323 solum
1616 2289 1650 2322 in

1484 2346 1508 2369 K
