<?xml version="1.0" encoding="UTF-8"?>
<!DOCTYPE html PUBLIC "-//W3C//DTD XHTML 1.0 Transitional//EN"
    "http://www.w3.org/TR/xhtml1/DTD/xhtml1-transitional.dtd">
<html xmlns="http://www.w3.org/1999/xhtml" xml:lang="en" lang="en">
 <head>
  <title>
</title>
<meta http-equiv="Content-Type" content="text/html;charset=utf-8" />
  <meta name='ocr-system' content='tesseract 3.04.00' />
  <meta name='ocr-capabilities' content='ocr_page ocr_carea ocr_par ocr_line ocrx_word'/>
</head>
<body>
  <div class='ocr_page' id='page_1' title='image "./davidisbuchanani00bann_0084.png"; bbox 0 0 1913 2692; ppageno 0'>
   <div class='ocr_carea' id='block_1_1' title="bbox 272 226 1287 262">
    <p class='ocr_par' dir='ltr' id='par_1_1' title="bbox 272 226 1287 262">
     <span class='ocr_line' id='line_1_1' title="bbox 272 226 1287 262; baseline -0.006 0"><span class='ocrx_word' id='word_1_1' title='bbox 272 232 312 262; x_wconf 70' lang='lat'>62</span> <span class='ocrx_word' id='word_1_2' title='bbox 655 229 716 258; x_wconf 87' lang='lat' dir='ltr'>DE</span> <span class='ocrx_word' id='word_1_3' title='bbox 756 227 1087 259; x_wconf 86' lang='lat' dir='ltr'>SCRIPTORIBUS</span> <span class='ocrx_word' id='word_1_4' title='bbox 1125 226 1287 257; x_wconf 86' lang='lat' dir='ltr'>SCOTIS.</span> 
     </span>
    </p>
   </div>
   <div class='ocr_carea' id='block_1_2' title="bbox 272 315 1685 1507">
    <p class='ocr_par' dir='ltr' id='par_1_2' title="bbox 272 315 1685 495">
     <span class='ocr_line' id='line_1_2' title="bbox 272 315 1684 366; baseline -0.005 -10"><span class='ocrx_word' id='word_1_5' title='bbox 272 322 410 357; x_wconf 86' lang='lat' dir='ltr'>habitus</span> <span class='ocrx_word' id='word_1_6' title='bbox 437 321 491 362; x_wconf 85' lang='lat' dir='ltr'>est,</span> <span class='ocrx_word' id='word_1_7' title='bbox 520 326 559 355; x_wconf 88' lang='lat' dir='ltr'>ut</span> <span class='ocrx_word' id='word_1_8' title='bbox 588 319 808 366; x_wconf 85' lang='lat' dir='ltr'>Imperatoris</span> <span class='ocrx_word' id='word_1_9' title='bbox 835 319 995 365; x_wconf 85' lang='lat' dir='ltr'>Magister</span> <span class='ocrx_word' id='word_1_10' title='bbox 1020 317 1197 353; x_wconf 81' lang='lat' dir='ltr'>deliciosus</span> <span class='ocrx_word' id='word_1_11' title='bbox 1223 316 1326 351; x_wconf 87' lang='lat' dir='ltr'>fuerit</span> <span class='ocrx_word' id='word_1_12' title='bbox 1357 315 1557 362; x_wconf 83' lang='lat' dir='ltr'>appellatus,</span> <span class='ocrx_word' id='word_1_13' title='bbox 1590 316 1684 362; x_wconf 85' lang='lat' dir='ltr'>eujus</span> 
     </span>
     <span class='ocr_line' id='line_1_3' title="bbox 273 379 1685 432; baseline -0.006 -12"><span class='ocrx_word' id='word_1_14' title='bbox 273 385 464 432; x_wconf 86' lang='lat' dir='ltr'>magisterio</span> <span class='ocrx_word' id='word_1_15' title='bbox 490 385 558 431; x_wconf 87' lang='lat' dir='ltr'>ipse</span> <span class='ocrx_word' id='word_1_16' title='bbox 584 384 771 430; x_wconf 85' lang='lat' dir='ltr'>imperator</span> <span class='ocrx_word' id='word_1_17' title='bbox 796 383 954 418; x_wconf 87' lang='lat' dir='ltr'>omnibus</span> <span class='ocrx_word' id='word_1_18' title='bbox 976 382 1169 417; x_wconf 88' lang='lat' dir='ltr'>liberalium</span> <span class='ocrx_word' id='word_1_19' title='bbox 1197 381 1324 415; x_wconf 73' lang='lat' dir='ltr'>artium</span> <span class='ocrx_word' id='word_1_20' title='bbox 1350 379 1532 425; x_wconf 84' lang='lat' dir='ltr'>disciplinis</span> <span class='ocrx_word' id='word_1_21' title='bbox 1557 379 1685 413; x_wconf 85' lang='lat' dir='ltr'>initiari</span> 
     </span>
     <span class='ocr_line' id='line_1_4' title="bbox 274 443 1550 495; baseline -0.004 -13"><span class='ocrx_word' id='word_1_22' title='bbox 274 450 457 495; x_wconf 65' lang='lat' dir='ltr'>satagebat.</span> <span class='ocrx_word' id='word_1_23' title='bbox 509 446 646 493; x_wconf 62' lang='lat' dir='ltr'>Scripsit</span> <span class='ocrx_word' id='word_1_24' title='bbox 663 447 773 481; x_wconf 84' lang='lat' dir='ltr'>multa</span> <span class='ocrx_word' id='word_1_25' title='bbox 789 446 965 492; x_wconf 82' lang='lat' dir='ltr'>praeclara</span> <span class='ocrx_word' id='word_1_26' title='bbox 982 445 1164 485; x_wconf 87' lang='lat' dir='ltr'>volumina,</span> <span class='ocrx_word' id='word_1_27' title='bbox 1184 445 1225 479; x_wconf 86' lang='lat' dir='ltr'>de</span> <span class='ocrx_word' id='word_1_28' title='bbox 1244 444 1367 490; x_wconf 87' lang='lat' dir='ltr'>quibus</span> <span class='ocrx_word' id='word_1_29' title='bbox 1384 443 1550 481; x_wconf 85' lang='lat' dir='ltr'>feruntur,</span> 
     </span>
    </p>

    <p class='ocr_par' dir='ltr' id='par_1_3' title="bbox 419 509 1114 549">
     <span class='ocr_line' id='line_1_5' title="bbox 419 509 1114 549; baseline -0.006 -3"><span class='ocrx_word' id='word_1_30' title='bbox 419 513 470 546; x_wconf 91' lang='lat' dir='ltr'>De</span> <span class='ocrx_word' id='word_1_31' title='bbox 489 512 617 546; x_wconf 62' lang='lat' dir='ltr'>Sane&#39;ca</span> <span class='ocrx_word' id='word_1_32' title='bbox 634 510 802 544; x_wconf 83' lang='lat' dir='ltr'>Trinitate</span> <span class='ocrx_word' id='word_1_33' title='bbox 820 515 855 544; x_wconf 92' lang='lat' dir='ltr'>et</span> <span class='ocrx_word' id='word_1_34' title='bbox 872 510 966 549; x_wconf 85' lang='lat' dir='ltr'>Fide,</span> <span class='ocrx_word' id='word_1_35' title='bbox 984 509 1042 543; x_wconf 90' lang='lat' dir='ltr'>lib.</span> <span class='ocrx_word' id='word_1_36' title='bbox 1061 519 1114 542; x_wconf 88' lang='lat'>111.</span> 
     </span>
    </p>

    <p class='ocr_par' dir='ltr' id='par_1_4' title="bbox 419 572 1090 621">
     <span class='ocr_line' id='line_1_6' title="bbox 419 572 1090 621; baseline -0.006 -12"><span class='ocrx_word' id='word_1_37' title='bbox 419 575 604 621; x_wconf 80' lang='lat' dir='ltr'>Speculum</span> <span class='ocrx_word' id='word_1_38' title='bbox 622 574 723 608; x_wconf 85' lang='lat' dir='ltr'>Vitae</span> <span class='ocrx_word' id='word_1_39' title='bbox 741 573 930 612; x_wconf 84' lang='lat' dir='ltr'>Humanae,</span> <span class='ocrx_word' id='word_1_40' title='bbox 949 572 1006 606; x_wconf 88' lang='lat' dir='ltr'>lib.</span> <span class='ocrx_word' id='word_1_41' title='bbox 1024 582 1090 605; x_wconf 91' lang='lat' dir='ltr'>v11.</span> 
     </span>
    </p>

    <p class='ocr_par' dir='ltr' id='par_1_5' title="bbox 420 636 1035 684">
     <span class='ocr_line' id='line_1_7' title="bbox 420 636 1035 684; baseline -0.007 -11"><span class='ocrx_word' id='word_1_42' title='bbox 420 639 461 673; x_wconf 92' lang='lat' dir='ltr'>In</span> <span class='ocrx_word' id='word_1_43' title='bbox 478 637 704 684; x_wconf 84' lang='lat' dir='ltr'>Evangelium</span> <span class='ocrx_word' id='word_1_44' title='bbox 721 637 744 671; x_wconf 85' lang='lat' dir='ltr'>J</span> <span class='ocrx_word' id='word_1_45' title='bbox 746 636 875 676; x_wconf 81' lang='lat' dir='ltr'>oannis,</span> <span class='ocrx_word' id='word_1_46' title='bbox 893 636 950 670; x_wconf 90' lang='lat' dir='ltr'>lib.</span> <span class='ocrx_word' id='word_1_47' title='bbox 969 645 1035 669; x_wconf 83' lang='lat' dir='ltr'>vn.</span> 
     </span>
    </p>

    <p class='ocr_par' dir='ltr' id='par_1_6' title="bbox 420 699 1007 748">
     <span class='ocr_line' id='line_1_8' title="bbox 420 699 1007 748; baseline -0.007 -12"><span class='ocrx_word' id='word_1_48' title='bbox 420 703 461 736; x_wconf 92' lang='lat' dir='ltr'>In</span> <span class='ocrx_word' id='word_1_49' title='bbox 479 702 646 748; x_wconf 88' lang='lat' dir='ltr'>Epistolas</span> <span class='ocrx_word' id='word_1_50' title='bbox 665 701 706 735; x_wconf 89' lang='lat' dir='ltr'>D.</span> <span class='ocrx_word' id='word_1_51' title='bbox 725 699 833 740; x_wconf 88' lang='lat' dir='ltr'>Pauli,</span> <span class='ocrx_word' id='word_1_52' title='bbox 852 699 909 733; x_wconf 87' lang='lat' dir='ltr'>lib.</span> <span class='ocrx_word' id='word_1_53' title='bbox 928 709 1007 732; x_wconf 80' lang='lat' dir='ltr'>XIV.</span> 
     </span>
    </p>

    <p class='ocr_par' dir='ltr' id='par_1_7' title="bbox 420 763 1011 804">
     <span class='ocr_line' id='line_1_9' title="bbox 420 763 1011 804; baseline -0.007 -4"><span class='ocrx_word' id='word_1_54' title='bbox 420 766 472 800; x_wconf 94' lang='lat' dir='ltr'>De</span> <span class='ocrx_word' id='word_1_55' title='bbox 491 765 634 800; x_wconf 76' lang='lat' dir='ltr'>Artibus</span> <span class='ocrx_word' id='word_1_56' title='bbox 651 764 872 804; x_wconf 85' lang='lat' dir='ltr'>Liberalibus,</span> <span class='ocrx_word' id='word_1_57' title='bbox 891 763 948 797; x_wconf 92' lang='lat' dir='ltr'>lib.</span> <span class='ocrx_word' id='word_1_58' title='bbox 973 773 1011 796; x_wconf 89' lang='lat'>11.</span> 
     </span>
    </p>

    <p class='ocr_par' dir='ltr' id='par_1_8' title="bbox 420 826 1018 866">
     <span class='ocr_line' id='line_1_10' title="bbox 420 826 1018 866; baseline -0.005 -4"><span class='ocrx_word' id='word_1_59' title='bbox 420 828 590 863; x_wconf 89' lang='lat' dir='ltr'>Homiliae</span> <span class='ocrx_word' id='word_1_60' title='bbox 609 830 680 862; x_wconf 79' lang='lat'>254</span> <span class='ocrx_word' id='word_1_61' title='bbox 698 827 900 866; x_wconf 66' lang='lat' dir='ltr'>Dofflzorum,</span> <span class='ocrx_word' id='word_1_62' title='bbox 919 826 976 860; x_wconf 92' lang='lat' dir='ltr'>lib.</span> <span class='ocrx_word' id='word_1_63' title='bbox 996 836 1018 859; x_wconf 89' lang='grc' dir='ltr'>Ι.</span> 
     </span>
    </p>

    <p class='ocr_par' dir='ltr' id='par_1_9' title="bbox 422 889 1019 936">
     <span class='ocr_line' id='line_1_11' title="bbox 422 889 1019 936; baseline -0.005 -11"><span class='ocrx_word' id='word_1_64' title='bbox 422 891 476 925; x_wconf 93' lang='lat' dir='ltr'>Ad</span> <span class='ocrx_word' id='word_1_65' title='bbox 495 891 714 933; x_wconf 82' lang='lat' dir='ltr'>Quaestiones</span> <span class='ocrx_word' id='word_1_66' title='bbox 731 889 902 936; x_wconf 71' lang='lat' dir='ltr'>Fredigifi,</span> <span class='ocrx_word' id='word_1_67' title='bbox 921 889 978 923; x_wconf 87' lang='lat' dir='ltr'>lib.</span> <span class='ocrx_word' id='word_1_68' title='bbox 998 900 1019 922; x_wconf 94' lang='lat'>1.</span> 
     </span>
    </p>

    <p class='ocr_par' dir='ltr' id='par_1_10' title="bbox 421 952 1179 992">
     <span class='ocr_line' id='line_1_12' title="bbox 421 952 1179 992; baseline -0.005 -3"><span class='ocrx_word' id='word_1_69' title='bbox 421 955 476 989; x_wconf 88' lang='lat' dir='ltr'>Ad</span> <span class='ocrx_word' id='word_1_70' title='bbox 494 955 664 989; x_wconf 88' lang='lat' dir='ltr'>Eulaliam</span> <span class='ocrx_word' id='word_1_71' title='bbox 682 955 723 988; x_wconf 91' lang='lat' dir='ltr'>de</span> <span class='ocrx_word' id='word_1_72' title='bbox 742 953 889 988; x_wconf 83' lang='lat' dir='ltr'>Ratione</span> <span class='ocrx_word' id='word_1_73' title='bbox 907 952 1061 992; x_wconf 79' lang='lat' dir='ltr'>Animae,</span> <span class='ocrx_word' id='word_1_74' title='bbox 1081 952 1137 986; x_wconf 90' lang='lat' dir='ltr'>lib.</span> <span class='ocrx_word' id='word_1_75' title='bbox 1157 962 1179 985; x_wconf 90' lang='lat'>1.</span> 
     </span>
    </p>

    <p class='ocr_par' dir='ltr' id='par_1_11' title="bbox 422 1018 764 1058">
     <span class='ocr_line' id='line_1_13' title="bbox 422 1018 764 1058; baseline -0.006 -5"><span class='ocrx_word' id='word_1_76' title='bbox 422 1018 463 1053; x_wconf 93' lang='lat' dir='ltr'>In</span> <span class='ocrx_word' id='word_1_77' title='bbox 481 1018 646 1058; x_wconf 75' lang='lat' dir='ltr'>Genesim,</span> <span class='ocrx_word' id='word_1_78' title='bbox 665 1018 722 1052; x_wconf 88' lang='lat' dir='ltr'>lib.</span> <span class='ocrx_word' id='word_1_79' title='bbox 741 1028 764 1051; x_wconf 92' lang='lat'>1.</span> 
     </span>
    </p>

    <p class='ocr_par' dir='ltr' id='par_1_12' title="bbox 424 1081 942 1121">
     <span class='ocr_line' id='line_1_14' title="bbox 424 1081 942 1121; baseline -0.006 -5"><span class='ocrx_word' id='word_1_80' title='bbox 424 1083 463 1116; x_wconf 92' lang='lat' dir='ltr'>In</span> <span class='ocrx_word' id='word_1_81' title='bbox 481 1081 708 1121; x_wconf 80' lang='lat' dir='ltr'>Ecclefiasten,</span> <span class='ocrx_word' id='word_1_82' title='bbox 728 1081 786 1115; x_wconf 89' lang='lat' dir='ltr'>lib.</span> <span class='ocrx_word' id='word_1_83' title='bbox 805 1091 827 1114; x_wconf 93' lang='lat'>1.</span> <span class='ocrx_word' id='word_1_84' title='bbox 939 1117 942 1119; x_wconf 40' lang='grc'><strong>,</strong></span> 
     </span>
    </p>

    <p class='ocr_par' dir='ltr' id='par_1_13' title="bbox 423 1143 1005 1191">
     <span class='ocr_line' id='line_1_15' title="bbox 423 1143 1005 1191; baseline -0.007 -11"><span class='ocrx_word' id='word_1_85' title='bbox 423 1146 478 1180; x_wconf 92' lang='lat' dir='ltr'>Ad</span> <span class='ocrx_word' id='word_1_86' title='bbox 496 1145 694 1191; x_wconf 79' lang='lat' dir='ltr'>Discipulos,</span> <span class='ocrx_word' id='word_1_87' title='bbox 713 1144 886 1190; x_wconf 83' lang='lat' dir='ltr'>Dialogus,</span> <span class='ocrx_word' id='word_1_88' title='bbox 906 1143 962 1178; x_wconf 92' lang='lat' dir='ltr'>lib.</span> <span class='ocrx_word' id='word_1_89' title='bbox 981 1152 1005 1176; x_wconf 89' lang='lat'>1.</span> 
     </span>
    </p>

    <p class='ocr_par' dir='ltr' id='par_1_14' title="bbox 421 1205 1133 1254">
     <span class='ocr_line' id='line_1_16' title="bbox 421 1205 1133 1254; baseline -0.008 -11"><span class='ocrx_word' id='word_1_90' title='bbox 421 1209 643 1243; x_wconf 80' lang='lat' dir='ltr'>Enehiridion</span> <span class='ocrx_word' id='word_1_91' title='bbox 661 1209 696 1242; x_wconf 93' lang='lat' dir='ltr'>in</span> <span class='ocrx_word' id='word_1_92' title='bbox 714 1207 914 1254; x_wconf 87' lang='lat' dir='ltr'>quibusdam</span> <span class='ocrx_word' id='word_1_93' title='bbox 931 1205 1016 1240; x_wconf 90' lang='lat' dir='ltr'>Psal.</span> <span class='ocrx_word' id='word_1_94' title='bbox 1035 1205 1092 1238; x_wconf 88' lang='lat' dir='ltr'>lib.</span> <span class='ocrx_word' id='word_1_95' title='bbox 1111 1215 1133 1238; x_wconf 91' lang='lat'>1.</span> 
     </span>
    </p>

    <p class='ocr_par' dir='ltr' id='par_1_15' title="bbox 280 1268 1685 1507">
     <span class='ocr_line' id='line_1_17' title="bbox 425 1268 1385 1315; baseline -0.005 -9"><span class='ocrx_word' id='word_1_96' title='bbox 425 1271 670 1306; x_wconf 86' lang='lat' dir='ltr'>Commentarii</span> <span class='ocrx_word' id='word_1_97' title='bbox 688 1271 723 1304; x_wconf 87' lang='lat' dir='ltr'>in</span> <span class='ocrx_word' id='word_1_98' title='bbox 740 1276 925 1315; x_wconf 87' lang='lat' dir='ltr'>utrumque</span> <span class='ocrx_word' id='word_1_99' title='bbox 942 1268 1203 1308; x_wconf 84' lang='lat' dir='ltr'>Testamentum,</span> <span class='ocrx_word' id='word_1_100' title='bbox 1222 1268 1279 1302; x_wconf 92' lang='lat' dir='ltr'>lib.</span> <span class='ocrx_word' id='word_1_101' title='bbox 1298 1268 1385 1313; x_wconf 84' lang='lat' dir='ltr'>plur.</span> 
     </span>
     <span class='ocr_line' id='line_1_18' title="bbox 280 1331 1685 1380; baseline -0.003 -12"><span class='ocrx_word' id='word_1_102' title='bbox 280 1334 324 1368; x_wconf 87' lang='lat' dir='ltr'>Et</span> <span class='ocrx_word' id='word_1_103' title='bbox 354 1334 420 1368; x_wconf 86' lang='lat' dir='ltr'>alia</span> <span class='ocrx_word' id='word_1_104' title='bbox 453 1335 633 1380; x_wconf 81' lang='lat' dir='ltr'>permulta,</span> <span class='ocrx_word' id='word_1_105' title='bbox 664 1345 810 1380; x_wconf 87' lang='lat' dir='ltr'>quorum</span> <span class='ocrx_word' id='word_1_106' title='bbox 842 1332 1060 1368; x_wconf 88' lang='lat' dir='ltr'>numerosum</span> <span class='ocrx_word' id='word_1_107' title='bbox 1086 1331 1280 1378; x_wconf 81' lang='lat' dir='ltr'>catalogum</span> <span class='ocrx_word' id='word_1_108' title='bbox 1310 1332 1387 1365; x_wconf 74' lang='lat' dir='ltr'>vide</span> <span class='ocrx_word' id='word_1_109' title='bbox 1415 1332 1506 1376; x_wconf 86' lang='lat' dir='ltr'>apud</span> <span class='ocrx_word' id='word_1_110' title='bbox 1536 1331 1685 1365; x_wconf 89' lang='lat' dir='ltr'>nostrum</span> 
     </span>
     <span class='ocr_line' id='line_1_19' title="bbox 280 1394 1685 1444; baseline -0.003 -12"><span class='ocrx_word' id='word_1_111' title='bbox 280 1398 321 1432; x_wconf 91' lang='lat' dir='ltr'>de</span> <span class='ocrx_word' id='word_1_112' title='bbox 364 1398 595 1444; x_wconf 78' lang='lat' dir='ltr'>Scriptoribus</span> <span class='ocrx_word' id='word_1_113' title='bbox 632 1398 763 1432; x_wconf 86' lang='lat' dir='ltr'>nostrae</span> <span class='ocrx_word' id='word_1_114' title='bbox 802 1396 914 1443; x_wconf 87' lang='lat' dir='ltr'>gentis</span> <span class='ocrx_word' id='word_1_115' title='bbox 951 1396 1149 1430; x_wconf 62' lang='lat' dir='ltr'>traetatum.</span> <span class='ocrx_word' id='word_1_116' title='bbox 1217 1395 1349 1429; x_wconf 82' lang='lat' dir='ltr'>Claruit</span> <span class='ocrx_word' id='word_1_117' title='bbox 1390 1406 1480 1428; x_wconf 88' lang='lat' dir='ltr'>anno</span> <span class='ocrx_word' id='word_1_118' title='bbox 1518 1394 1685 1429; x_wconf 82' lang='lat' dir='ltr'>incarnati</span> 
     </span>
     <span class='ocr_line' id='line_1_20' title="bbox 281 1459 1040 1507; baseline -0.003 -12"><span class='ocrx_word' id='word_1_119' title='bbox 281 1460 416 1496; x_wconf 85' lang='lat' dir='ltr'>Messiae</span> <span class='ocrx_word' id='word_1_120' title='bbox 435 1461 513 1501; x_wconf 82' lang='lat'>790,</span> <span class='ocrx_word' id='word_1_121' title='bbox 532 1467 697 1507; x_wconf 83' lang='lat' dir='ltr'>regnante</span> <span class='ocrx_word' id='word_1_122' title='bbox 714 1461 749 1495; x_wconf 92' lang='lat' dir='ltr'>in</span> <span class='ocrx_word' id='word_1_123' title='bbox 768 1460 884 1495; x_wconf 84' lang='lat' dir='ltr'>Scotia</span> <span class='ocrx_word' id='word_1_124' title='bbox 900 1459 1040 1494; x_wconf 85' lang='lat' dir='ltr'>Achaio.</span> 
     </span>
    </p>
   </div>
   <div class='ocr_carea' id='block_1_3' title="bbox 694 1584 1270 1621">
    <p class='ocr_par' dir='ltr' id='par_1_16' title="bbox 694 1584 1270 1621">
     <span class='ocr_line' id='line_1_21' title="bbox 694 1584 1270 1621; baseline -0.007 0"><span class='ocrx_word' id='word_1_125' title='bbox 694 1587 757 1621; x_wconf 91' lang='lat' dir='ltr'>DE</span> <span class='ocrx_word' id='word_1_126' title='bbox 783 1586 988 1621; x_wconf 89' lang='lat' dir='ltr'>CLAUDIO</span> <span class='ocrx_word' id='word_1_127' title='bbox 1014 1584 1270 1618; x_wconf 89' lang='lat' dir='ltr'><strong>CLEMENTE.</strong></span> 
     </span>
    </p>
   </div>
   <div class='ocr_carea' id='block_1_4' title="bbox 284 1709 1691 2328">
    <p class='ocr_par' dir='ltr' id='par_1_17' title="bbox 284 1709 1691 2328">
     <span class='ocr_line' id='line_1_22' title="bbox 286 1709 1690 1755; baseline -0.001 -9"><span class='ocrx_word' id='word_1_128' title='bbox 286 1713 474 1747; x_wconf 72' lang='lat' dir='ltr'>CLAUDIUS</span> <span class='ocrx_word' id='word_1_129' title='bbox 515 1711 696 1750; x_wconf 79' lang='lat' dir='ltr'><strong>CLEMENS‚</strong></span> <span class='ocrx_word' id='word_1_130' title='bbox 739 1709 874 1744; x_wconf 85' lang='lat' dir='ltr'>illustris</span> <span class='ocrx_word' id='word_1_131' title='bbox 914 1711 1049 1755; x_wconf 87' lang='lat' dir='ltr'>generis</span> <span class='ocrx_word' id='word_1_132' title='bbox 1090 1710 1221 1749; x_wconf 80' lang='lat' dir='ltr'>Scotus,</span> <span class='ocrx_word' id='word_1_133' title='bbox 1259 1710 1446 1744; x_wconf 80' lang='lat' dir='ltr'>monachus</span> <span class='ocrx_word' id='word_1_134' title='bbox 1488 1711 1615 1745; x_wconf 86' lang='lat' dir='ltr'>ordinis</span> <span class='ocrx_word' id='word_1_135' title='bbox 1656 1712 1690 1745; x_wconf 86' lang='lat' dir='ltr'>S.</span> 
     </span>
     <span class='ocr_line' id='line_1_23' title="bbox 285 1773 1691 1821; baseline -0.001 -11"><span class='ocrx_word' id='word_1_136' title='bbox 285 1775 474 1815; x_wconf 69' lang='lat' dir='ltr'>Benediffi,</span> <span class='ocrx_word' id='word_1_137' title='bbox 501 1774 684 1821; x_wconf 84' lang='lat' dir='ltr'>discipulus</span> <span class='ocrx_word' id='word_1_138' title='bbox 709 1774 891 1820; x_wconf 89' lang='lat' dir='ltr'>quondam,</span> <span class='ocrx_word' id='word_1_139' title='bbox 917 1777 956 1807; x_wconf 89' lang='lat' dir='ltr'>ut</span> <span class='ocrx_word' id='word_1_140' title='bbox 981 1773 1105 1812; x_wconf 79' lang='lat' dir='ltr'>serunt,</span> <span class='ocrx_word' id='word_1_141' title='bbox 1132 1773 1247 1808; x_wconf 89' lang='lat' dir='ltr'>Bedae</span> <span class='ocrx_word' id='word_1_142' title='bbox 1277 1773 1312 1807; x_wconf 92' lang='lat' dir='ltr'>in</span> <span class='ocrx_word' id='word_1_143' title='bbox 1338 1773 1473 1818; x_wconf 81' lang='lat' dir='ltr'>Anglia‚</span> <span class='ocrx_word' id='word_1_144' title='bbox 1500 1778 1534 1807; x_wconf 90' lang='lat' dir='ltr'>et</span> <span class='ocrx_word' id='word_1_145' title='bbox 1560 1773 1691 1820; x_wconf 85' lang='lat' dir='ltr'>collega</span> 
     </span>
     <span class='ocr_line' id='line_1_24' title="bbox 285 1836 1691 1877; baseline -0.001 -4"><span class='ocrx_word' id='word_1_146' title='bbox 285 1839 420 1873; x_wconf 83' lang='lat' dir='ltr'>Aleujni</span> <span class='ocrx_word' id='word_1_147' title='bbox 446 1839 583 1873; x_wconf 87' lang='lat' dir='ltr'>Levitae</span> <span class='ocrx_word' id='word_1_148' title='bbox 613 1844 648 1873; x_wconf 87' lang='lat' dir='ltr'>et</span> <span class='ocrx_word' id='word_1_149' title='bbox 677 1838 820 1877; x_wconf 84' lang='lat' dir='ltr'>abbatis,</span> <span class='ocrx_word' id='word_1_150' title='bbox 847 1837 930 1872; x_wconf 90' lang='lat' dir='ltr'>item</span> <span class='ocrx_word' id='word_1_151' title='bbox 959 1837 1102 1871; x_wconf 86' lang='lat' dir='ltr'>Joannis</span> <span class='ocrx_word' id='word_1_152' title='bbox 1127 1836 1296 1875; x_wconf 77' lang='lat' dir='ltr'>Mailrosii,</span> <span class='ocrx_word' id='word_1_153' title='bbox 1323 1836 1407 1870; x_wconf 88' lang='lat' dir='ltr'>alias</span> <span class='ocrx_word' id='word_1_154' title='bbox 1433 1836 1535 1875; x_wconf 86' lang='lat' dir='ltr'>Scoti,</span> <span class='ocrx_word' id='word_1_155' title='bbox 1561 1842 1596 1871; x_wconf 90' lang='lat' dir='ltr'>et</span> <span class='ocrx_word' id='word_1_156' title='bbox 1622 1838 1691 1872; x_wconf 83' lang='lat' dir='ltr'>Ra-</span> 
     </span>
     <span class='ocr_line' id='line_1_25' title="bbox 285 1900 1690 1948; baseline -0.001 -11"><span class='ocrx_word' id='word_1_157' title='bbox 285 1903 363 1937; x_wconf 91' lang='lat' dir='ltr'>bani</span> <span class='ocrx_word' id='word_1_158' title='bbox 396 1902 518 1942; x_wconf 84' lang='lat' dir='ltr'>Mauri,</span> <span class='ocrx_word' id='word_1_159' title='bbox 553 1902 643 1937; x_wconf 90' lang='lat' dir='ltr'>illius</span> <span class='ocrx_word' id='word_1_160' title='bbox 676 1902 712 1936; x_wconf 91' lang='lat' dir='ltr'>in</span> <span class='ocrx_word' id='word_1_161' title='bbox 745 1900 915 1948; x_wconf 85' lang='lat' dir='ltr'>legatione</span> <span class='ocrx_word' id='word_1_162' title='bbox 948 1901 992 1935; x_wconf 85' lang='lat' dir='ltr'>ad</span> <span class='ocrx_word' id='word_1_163' title='bbox 1025 1900 1186 1935; x_wconf 89' lang='lat' dir='ltr'>Carolum</span> <span class='ocrx_word' id='word_1_164' title='bbox 1220 1900 1393 1946; x_wconf 83' lang='lat' dir='ltr'>Magnum,</span> <span class='ocrx_word' id='word_1_165' title='bbox 1427 1911 1490 1945; x_wconf 89' lang='lat' dir='ltr'>pro</span> <span class='ocrx_word' id='word_1_166' title='bbox 1522 1900 1690 1935; x_wconf 78' lang='lat' dir='ltr'>firmando</span> 
     </span>
     <span class='ocr_line' id='line_1_26' title="bbox 284 1962 1689 2007; baseline -0.002 -8"><span class='ocrx_word' id='word_1_167' title='bbox 284 1966 374 2000; x_wconf 85' lang='lat' dir='ltr'>inter</span> <span class='ocrx_word' id='word_1_168' title='bbox 403 1966 520 2001; x_wconf 85' lang='lat' dir='ltr'>Gallos</span> <span class='ocrx_word' id='word_1_169' title='bbox 549 1971 583 2000; x_wconf 87' lang='lat' dir='ltr'>et</span> <span class='ocrx_word' id='word_1_170' title='bbox 613 1966 733 2000; x_wconf 83' lang='lat' dir='ltr'>Scotos</span> <span class='ocrx_word' id='word_1_171' title='bbox 764 1965 910 2003; x_wconf 83' lang='lat' dir='ltr'>foedere,</span> <span class='ocrx_word' id='word_1_172' title='bbox 946 1962 1126 2007; x_wconf 76' lang='lat' dir='ltr'>Ticinenfis</span> <span class='ocrx_word' id='word_1_173' title='bbox 1155 1962 1360 1996; x_wconf 80' lang='lat' dir='ltr'>Academiae</span> <span class='ocrx_word' id='word_1_174' title='bbox 1393 1962 1562 2002; x_wconf 85' lang='lat' dir='ltr'>fundator,</span> <span class='ocrx_word' id='word_1_175' title='bbox 1591 1968 1625 1997; x_wconf 88' lang='lat' dir='ltr'>et</span> <span class='ocrx_word' id='word_1_176' title='bbox 1655 1963 1689 1997; x_wconf 88' lang='lat' dir='ltr'>in</span> 
     </span>
     <span class='ocr_line' id='line_1_27' title="bbox 284 2025 1690 2074; baseline -0.003 -10"><span class='ocrx_word' id='word_1_177' title='bbox 284 2029 460 2064; x_wconf 71' lang='lat' dir='ltr'>senthute</span> <span class='ocrx_word' id='word_1_178' title='bbox 488 2027 756 2064; x_wconf 84' lang='lat' dir='ltr'>Altifiodorenfis</span> <span class='ocrx_word' id='word_1_179' title='bbox 781 2027 964 2074; x_wconf 85' lang='lat' dir='ltr'>episcopus.</span> <span class='ocrx_word' id='word_1_180' title='bbox 1016 2025 1222 2062; x_wconf 64' lang='lat' dir='ltr'>Sanetiflimi</span> <span class='ocrx_word' id='word_1_181' title='bbox 1251 2026 1366 2060; x_wconf 89' lang='lat' dir='ltr'>Bedae</span> <span class='ocrx_word' id='word_1_182' title='bbox 1389 2025 1574 2071; x_wconf 80' lang='lat' dir='ltr'>prelbyteri</span> <span class='ocrx_word' id='word_1_183' title='bbox 1604 2025 1690 2060; x_wconf 91' lang='lat' dir='ltr'>salu-</span> 
     </span>
     <span class='ocr_line' id='line_1_28' title="bbox 284 2088 1688 2135; baseline -0.003 -9"><span class='ocrx_word' id='word_1_184' title='bbox 284 2092 449 2127; x_wconf 85' lang='lat' dir='ltr'>berrimas</span> <span class='ocrx_word' id='word_1_185' title='bbox 475 2091 711 2126; x_wconf 86' lang='lat' dir='ltr'>Vuermuthae</span> <span class='ocrx_word' id='word_1_186' title='bbox 737 2095 773 2125; x_wconf 91' lang='lat' dir='ltr'>et</span> <span class='ocrx_word' id='word_1_187' title='bbox 802 2090 883 2125; x_wconf 92' lang='lat' dir='ltr'>alibi</span> <span class='ocrx_word' id='word_1_188' title='bbox 908 2089 1059 2124; x_wconf 60' lang='lat' dir='ltr'>leeturas</span> <span class='ocrx_word' id='word_1_189' title='bbox 1084 2090 1334 2135; x_wconf 83' lang='lat' dir='ltr'>frequentabat,</span> <span class='ocrx_word' id='word_1_190' title='bbox 1360 2088 1537 2122; x_wconf 85' lang='lat' dir='ltr'>literarum</span> <span class='ocrx_word' id='word_1_191' title='bbox 1560 2094 1594 2123; x_wconf 82' lang='lat' dir='ltr'>et</span> <span class='ocrx_word' id='word_1_192' title='bbox 1620 2089 1688 2134; x_wconf 89' lang='lat' dir='ltr'>ipse</span> 
     </span>
     <span class='ocr_line' id='line_1_29' title="bbox 286 2151 1688 2199; baseline -0.004 -9"><span class='ocrx_word' id='word_1_193' title='bbox 286 2155 413 2195; x_wconf 83' lang='lat' dir='ltr'>avidus,</span> <span class='ocrx_word' id='word_1_194' title='bbox 432 2156 484 2189; x_wconf 86' lang='lat' dir='ltr'>vir</span> <span class='ocrx_word' id='word_1_195' title='bbox 509 2156 544 2190; x_wconf 93' lang='lat' dir='ltr'>in</span> <span class='ocrx_word' id='word_1_196' title='bbox 568 2154 691 2190; x_wconf 88' lang='lat' dir='ltr'>divinis</span> <span class='ocrx_word' id='word_1_197' title='bbox 714 2154 899 2199; x_wconf 86' lang='lat' dir='ltr'>Scripturis</span> <span class='ocrx_word' id='word_1_198' title='bbox 924 2153 1022 2187; x_wconf 88' lang='lat' dir='ltr'>valde</span> <span class='ocrx_word' id='word_1_199' title='bbox 1044 2152 1207 2187; x_wconf 88' lang='lat' dir='ltr'>studiosus</span> <span class='ocrx_word' id='word_1_200' title='bbox 1230 2157 1264 2186; x_wconf 90' lang='lat' dir='ltr'>et</span> <span class='ocrx_word' id='word_1_201' title='bbox 1287 2151 1450 2191; x_wconf 67' lang='lat' dir='ltr'>eruditus,</span> <span class='ocrx_word' id='word_1_202' title='bbox 1474 2157 1507 2185; x_wconf 84' lang='lat' dir='ltr'>et</span> <span class='ocrx_word' id='word_1_203' title='bbox 1530 2151 1688 2186; x_wconf 81' lang='lat' dir='ltr'>secularis</span> 
     </span>
     <span class='ocr_line' id='line_1_30' title="bbox 287 2214 1687 2265; baseline -0.002 -13"><span class='ocrx_word' id='word_1_204' title='bbox 287 2219 463 2254; x_wconf 67' lang='lat' dir='ltr'>dofflinae</span> <span class='ocrx_word' id='word_1_205' title='bbox 491 2231 560 2254; x_wconf 92' lang='lat' dir='ltr'>non</span> <span class='ocrx_word' id='word_1_206' title='bbox 587 2219 734 2265; x_wconf 83' lang='lat' dir='ltr'>ignarus,</span> <span class='ocrx_word' id='word_1_207' title='bbox 762 2217 912 2253; x_wconf 86' lang='lat' dir='ltr'>carmine</span> <span class='ocrx_word' id='word_1_208' title='bbox 939 2215 1146 2251; x_wconf 80' lang='lat' dir='ltr'>exercitatus</span> <span class='ocrx_word' id='word_1_209' title='bbox 1175 2221 1209 2249; x_wconf 83' lang='lat' dir='ltr'>et</span> <span class='ocrx_word' id='word_1_210' title='bbox 1235 2214 1341 2260; x_wconf 87' lang='lat' dir='ltr'>prosa,</span> <span class='ocrx_word' id='word_1_211' title='bbox 1371 2219 1517 2260; x_wconf 83' lang='lat' dir='ltr'>utraque</span> <span class='ocrx_word' id='word_1_212' title='bbox 1543 2215 1687 2260; x_wconf 85' lang='lat' dir='ltr'>philoso-</span> 
     </span>
     <span class='ocr_line' id='line_1_31' title="bbox 286 2277 1687 2328; baseline -0.003 -11"><span class='ocrx_word' id='word_1_213' title='bbox 286 2281 375 2328; x_wconf 88' lang='lat' dir='ltr'>phia,</span> <span class='ocrx_word' id='word_1_214' title='bbox 411 2281 526 2316; x_wconf 89' lang='lat' dir='ltr'>divina</span> <span class='ocrx_word' id='word_1_215' title='bbox 554 2287 589 2317; x_wconf 89' lang='lat' dir='ltr'>et</span> <span class='ocrx_word' id='word_1_216' title='bbox 617 2282 776 2321; x_wconf 85' lang='lat' dir='ltr'>humana,</span> <span class='ocrx_word' id='word_1_217' title='bbox 802 2278 1081 2319; x_wconf 61' lang='lat' dir='ltr'>instrud&#39;ciffimus,</span> <span class='ocrx_word' id='word_1_218' title='bbox 1108 2277 1242 2323; x_wconf 89' lang='lat' dir='ltr'>eloquio</span> <span class='ocrx_word' id='word_1_219' title='bbox 1272 2277 1444 2317; x_wconf 87' lang='lat' dir='ltr'>facundus,</span> <span class='ocrx_word' id='word_1_220' title='bbox 1475 2277 1509 2312; x_wconf 93' lang='lat' dir='ltr'>in</span> <span class='ocrx_word' id='word_1_221' title='bbox 1533 2277 1687 2323; x_wconf 85' lang='lat' dir='ltr'>judican-</span> 
     </span>
    </p>
   </div>
  </div>
 </body>
</html>
