1913 2692
616 205 677 235 DE
716 204 1049 235 SCRIPTORIBUS
1086 205 1250 236 SCOTIS.
1595 210 1635 241 95

371 295 504 330 Placita
521 295 734 341 Theologica

372 359 628 405 Disputationes
645 359 863 399 Sorbonicae,

371 421 564 458 Decifiones
582 422 848 463 Sententiarum,
866 428 901 458 et

370 486 518 521 Historia
550 487 691 533 Majoris
729 487 938 528 Britanniae,
974 488 1191 535 praecipuam
1221 488 1313 534 apud
1343 488 1465 524 doctos
1503 489 1640 525 laudem

416 556 603 586 merentur.

226 614 374 661 Reliqua
407 614 509 650 fufius
541 628 563 650 a
605 616 703 651 nobis
736 617 817 651 alibi
853 616 930 651 sunt
963 616 1120 662 repetita.
1180 616 1313 651 Claruit
1353 629 1444 653 anno
1486 618 1640 654 incarna-

221 678 325 713 tionis
342 678 543 714 Dominicae
563 680 666 720 1525,
685 686 856 726 regnante
875 680 910 715 in
929 679 1045 715 Scotia
1060 680 1193 715 Jacobo
1211 680 1353 722 Quinto.

628 822 692 857 DE
718 822 938 858 HECTORE
964 823 1181 858 BOETHIO.

223 935 377 970 HECTOR
402 934 594 970 Bomfflos
619 935 850 976 Deidonanus,
876 947 1003 982 genere
1037 935 1169 976 Scotus,
1196 947 1236 970 ac
1261 935 1512 972 Aberdonenfis
1537 937 1641 984 Gym-

223 998 303 1034 nafii
328 999 460 1045 primus
488 998 619 1039 doctor,
654 1011 674 1033 a
701 999 812 1045 prima
838 999 951 1034 statim
981 998 1209 1034 adolescentia
1234 999 1270 1034 in
1295 1011 1375 1035 rure
1402 1000 1508 1035 natali
1533 1001 1642 1036 literis

222 1062 368 1097 feliciter
398 1061 562 1103 initiatus,
594 1062 807 1109 postmodum
833 1063 1002 1098 maturior
1028 1063 1142 1098 factus
1166 1063 1334 1109 ampliora
1360 1064 1509 1099 discendi
1534 1065 1641 1100 studio

222 1132 358 1161 exteras
396 1127 553 1173 regiones
586 1127 695 1173 petiit.
746 1127 786 1160 In
817 1127 965 1162 Galliam
998 1127 1113 1174 igitur,
1148 1132 1187 1162 ut
1217 1127 1322 1163 moris
1349 1129 1404 1169 est,
1433 1129 1640 1176 impiger-se

222 1191 377 1231 contulit,
410 1196 444 1225 et
475 1191 510 1225 in
541 1190 715 1226 Parifienfi
745 1191 932 1226 Academia
959 1204 1077 1227 omnes
1105 1192 1236 1238 pariter
1264 1198 1356 1228 artes
1386 1198 1420 1228 et
1450 1194 1642 1241 disciplinas

222 1254 408 1290 avidiffime
442 1255 588 1295 imbibit,
614 1267 740 1302 magno
776 1256 867 1290 enim
901 1256 1018 1291 labore
1053 1261 1088 1291 et
1123 1257 1295 1292 continuis
1329 1258 1444 1292 studiis
1479 1259 1513 1293 in
1547 1260 1640 1294 omni

222 1320 292 1353 fere
327 1319 504 1354 doctrinae
538 1331 664 1366 genere
698 1320 809 1354 clarus
843 1320 992 1355 emicuit.
1044 1320 1129 1356 Erat
1164 1321 1200 1356 in
1234 1322 1326 1356 omni
1360 1323 1573 1370 philosophia
1607 1330 1641 1358 et

222 1383 397 1430 theologia
426 1382 621 1418 scholastica
650 1383 805 1430 apprime
840 1384 1020 1418 eruditus:
1059 1390 1202 1431 propter
1226 1386 1491 1422 reconditiorem
1524 1400 1641 1423 rerum

225 1447 418 1482 divinarum
453 1447 656 1488 doctrinam,
691 1448 885 1495 theologiae
920 1448 1039 1494 primis
1072 1448 1260 1495 infignibus
1292 1450 1417 1485 merito
1451 1451 1639 1491 decoratus,

221 1524 260 1546 ac
289 1511 457 1557 politioris
487 1512 696 1552 literaturae,
723 1512 1003 1558 reliquarumque
1029 1512 1247 1549 scientiarum
1278 1514 1440 1555 omnium,
1474 1528 1561 1562 quae
1591 1516 1640 1551 in-

221 1588 334 1622 genuo
356 1575 494 1610 homine
522 1576 645 1622 dignae
673 1575 862 1617 censentur,
890 1576 939 1611 ita
964 1576 1125 1619 imbutus,
1150 1583 1189 1613 ut
1214 1578 1385 1625 principes
1412 1579 1490 1614 suae
1518 1581 1640 1615 aetatis

222 1641 313 1674 viros
346 1640 400 1674 vel
434 1640 563 1681 vicerit,
594 1640 648 1675 vel
681 1640 780 1675 facile
814 1639 953 1686 quidem
982 1642 1193 1688 adaequarit.
1246 1642 1287 1676 In
1316 1643 1436 1677 eadem
1466 1644 1641 1679 academia

223 1703 340 1738 multis
358 1703 455 1738 annis
478 1704 613 1750 publice
635 1704 864 1750 privatimque
882 1704 1019 1739 docuit:
1038 1705 1129 1740 inter
1146 1705 1351 1741 Sorbonicos
1377 1707 1536 1742 doctores
1561 1719 1640 1743 cum

222 1767 381 1814 {iugulari
417 1767 518 1802 laude
552 1767 744 1808 industriae,
788 1773 823 1803 et
858 1768 1070 1815 prudentiae,
1105 1774 1209 1816 atque
1244 1770 1460 1816 eloquentiae
1490 1771 1639 1813 claruit3

224 1844 334 1877 neque
362 1831 470 1866 solum
500 1831 627 1866 artium
662 1832 856 1867 liberalium
886 1832 1091 1879 cognitione,
1121 1831 1222 1879 supra
1255 1846 1359 1880 quam
1392 1835 1451 1870 illa
1484 1836 1640 1872 ferebant

222 1901 387 1941 tempora,
411 1894 556 1942 insignis,
583 1895 640 1930 sed
667 1896 883 1932 humanitate
911 1902 945 1931 et
973 1897 1135 1932 comitate
1162 1896 1321 1944 fingulari
1351 1899 1527 1945 praeditus
1556 1906 1639 1936 erat.

222 1959 310 1994 Cum
353 1959 413 1994 isto
455 1959 660 1994 Parisiorum
702 1960 860 1995 Lutetiae
901 1973 971 1996 non
1012 1961 1232 2007 injucundam
1274 1961 1307 1997 se
1360 1963 1640 2000 consuetudinem

222 2021 372 2057 habuisse
418 2022 548 2058 fatetur
589 2023 782 2059 Defiderius
824 2024 984 2059 Erasmus
1027 2025 1281 2060 Roterodamus
1316 2025 1351 2060 in
1385 2027 1526 2073 epistola
1559 2040 1641 2074 qua-

223 2086 311 2126 dam,
347 2099 453 2133 quum
483 2087 552 2122 illic
585 2088 621 2122 in
650 2088 830 2123 literarum
856 2088 961 2123 stadio
988 2100 1077 2123 anno
1104 2094 1224 2135 partus
1250 2089 1395 2136 virginei
1433 2091 1526 2127 1497
1552 2093 1642 2138 pari-

223 2155 277 2184 ter
317 2156 505 2192 currerent,
539 2151 812 2199 fingularemque
854 2152 890 2187 in
931 2164 972 2186 eo
1014 2152 1142 2199 ingenii
1176 2153 1379 2188 felicitatem
1412 2154 1572 2201 agnoscit,
1607 2162 1642 2192 et

223 2214 417 2250 facundiam
445 2215 514 2250 oris
546 2216 773 2251 commendat.
834 2215 934 2251 Unde
967 2216 1011 2251 ad
1044 2216 1141 2251 illum
1175 2217 1336 2253 Erasmus
1370 2218 1484 2264 postea
1515 2219 1642 2267 scripfit

224 2278 429 2324 postremum
470 2280 608 2315 suarum
650 2279 928 2316 lucubrationum
962 2280 1175 2328 Catalogum,
1209 2286 1249 2317 ut
1284 2282 1328 2318 ad
1361 2287 1535 2318 recentem
1573 2284 1641 2331 ipse
