1913 2692
246 226 307 253 '110
638 221 699 251 DE
738 219 1070 251 SCRIPTORIBUS
1109 219 1270 249 SCOTlS.

246 327 324 349 rara
350 313 455 349 animi
481 312 665 359 prudentia
695 316 730 346 et
759 310 850 346 vitae
877 309 1085 356 integritate,
1120 308 1256 356 infignis
1285 307 1376 348 effet,
1407 319 1571 354 magnum
1601 319 1659 341 no-

247 391 326 414 men
366 388 594 423 magnamque
628 376 765 410 laudem
801 374 892 420 apud
930 373 1137 409 doffiffimos
1175 372 1326 419 quosque
1359 371 1419 407 fibi
1451 371 1654 409 conciliavit,

247 444 281 477 in
315 447 451 476 tantum
482 446 521 474 ut
548 439 659 474 tribus
689 438 820 473 vicibus
846 439 962 472 rector
991 436 1218 472 universitatis
1244 437 1284 471 fit
1310 436 1450 471 electus.
1498 435 1660 469 Omnium

247 505 429 541 do&orum
473 515 534 539 ora
573 504 609 537 in
645 502 678 537 se
718 506 929 540 convertens,
968 501 1061 547 leges
1100 501 1216 535 civiles
1249 500 1384 546 publice
1418 499 1453 534 in
1487 499 1661 534 academia

247 568 442 608 enarravit3
472 579 542 602 non
569 567 660 601 enim
687 565 790 600 modo
817 565 902 600 alios
929 564 1126 610 eloquentia
1151 569 1186 599 et
1213 564 1405 598 eruditione
1430 563 1522 603 vicit,
1544 563 1602 598 sed
1627 569 1660 596 et

247 646 325 668 cum
359 631 532 667 veteribus
565 629 706 665 certaffe
740 629 848 663 videri
882 632 1028 674 poterat.
1101 627 1221 662 Postea
1262 627 1400 662 Italiam
1441 626 1556 661 versus
1596 627 1662 661 iter

248 697 400 735 instituit,
442 695 502 730 ubi
544 706 622 729 cum
659 693 703 728 ad
741 693 863 727 urbem
904 691 1073 726 Venetam
1115 690 1265 732 veniffet,
1304 691 1348 726 ab
1386 690 1535 737 ejusdem
1568 690 1662 724 urbis

247 762 365 796 senatu
406 759 563 806 publicus
607 756 799 804 reipublica
839 755 993 790 Venetae
1036 754 1316 790 bibliothecarius
1360 754 1584 793 declaratur;
1628 754 1662 788 in

249 838 317 873 quo
340 824 451 860 officio
478 827 513 859 et
538 834 681 857 munere
704 820 872 860 obeundo,
896 819 941 854 ad
961 824 1155 854 extremum
1179 819 1284 866 usque
1307 819 1398 854 vitae
1421 817 1499 853 suae
1517 818 1662 853 halitum

249 891 379 925 summa
407 901 486 923 cum
518 887 620 922 laude
653 883 845 931 permansit.
913 883 975 917 Vir
1002 888 1077 919 erat
1108 883 1310 919 eruditionis
1344 882 1481 917 nomine
1515 882 1662 917 multum

249 954 448 993 laudandus,
478 952 609 988 Graece
641 955 675 985 et
704 949 825 985 Latine
859 946 1079 989 doffiffimus,
1112 953 1216 994 poeta
1249 947 1368 987 tersus⁷
1401 951 1518 981 orator
1548 946 1663 981 facun-

250 1018 321 1057 dus,
360 1017 397 1051 in
429 1015 637 1051 secula-ribus
674 1012 784 1048 literis
823 1010 1076 1052 eruditissimus,
1111 1017 1146 1046 et
1179 1011 1373 1046 divinarum
1407 1010 1662 1057 Scripturarum

250 1095 317 1117 non
357 1081 543 1116 admodum
584 1079 732 1126 ignaruS,
774 1075 993 1123 philosophus
1036 1080 1071 1110 et
1111 1075 1231 1110 rhetor
1273 1073 1480 1113 clarifiimus,
1523 1073 1660 1120 ingenio

250 1145 381 1181 subtilis
407 1150 441 1179 et
471 1143 614 1178 disertus
641 1140 787 1188 eloquio,
812 1145 925 1175 metro
951 1138 1161 1174 exercitatus
1183 1144 1218 1173 et
1249 1138 1356 1185 prosa.
1405 1137 1542 1184 Scripsit
1568 1142 1661 1171 utro-

251 1221 317 1256 que
346 1220 471 1255 genere
502 1206 671 1253 quaedam
698 1216 768 1239 non
801 1202 992 1250 spernenda
1023 1201 1192 1248 opuscula„
1225 1201 1350 1248 quibus
1381 1201 1583 1236 memoriam
1613 1200 1661 1235 sui

251 1273 390 1319 posteris
408 1269 670 1308 commendavit,
689 1268 731 1302 de
749 1278 897 1314 quorum
913 1277 1058 1301 numero
1075 1265 1228 1312 subjeeta
1243 1265 1421 1300 feruntur:

396 1335 436 1370 In
454 1333 672 1369 Aristotelem
689 1332 922 1368 Commentar.

395 1400 434 1433 In
448 1397 679 1433 institutiones
688 1396 712 1430 J
714 1394 871 1430 ustiniani
882 1392 1154 1428 Dilucidationes
1165 1397 1200 1427 et
1211 1392 1324 1426 variae
1336 1390 1661 1426 Animadverfiones.

397 1463 562 1497 Poemata
578 1461 663 1496 item
680 1459 784 1500 varia,
802 1459 906 1494 doeio
924 1462 958 1492 et
974 1456 1122 1492 facundo
1138 1455 1231 1502 stylo,
1250 1460 1285 1489 et
1302 1454 1492 1490 Orationes.

253 1529 403 1563 Naturae
434 1525 527 1561 ceffit
555 1537 645 1560 anno
674 1523 864 1558 dominicae
894 1519 1139 1556 incarnationis
1167 1519 1269 1559 1559,
1299 1517 1382 1552 dum
1411 1517 1537 1553 Scotici
1568 1517 1663 1563 regni

253 1593 422 1637 sceptrum
439 1601 561 1636 parum
579 1588 725 1624 feliciter
741 1599 762 1623 a
778 1585 891 1622 Maria
906 1588 1092 1620 teneretur.

652 1731 715 1766 DE
742 1729 952 1765 HENRICO
978 1725 1261 1762 SCRIMGERO.

256 1847 446 1880 HENRICUS
495 1845 740 1882 Scnmexznus,
788 1842 912 1876 Scotus
953 1839 1102 1879 natione,
1144 1850 1187 1872 ex
1229 1835 1348 1872 illustri
1395 1837 1667 1882 Scrimgerorum

254 1909 384 1944 familia
412 1909 448 1943 in
477 1907 626 1954 Angufia
654 1912 759 1943 ortus,
786 1905 964 1952 postquam
990 1903 1067 1938 suae
1098 1901 1299 1936 eruditionis
1328 1900 1487 1935 tirocinia
1516 1900 1552 1934 in
1578 1900 1667 1934 alma

256 1972 441 2007 Academia
476 1970 768 2017 Andreapolitana
801 1966 1000 2006 absolvifl‘et,
1039 1964 1258 2000 humaniores
1291 1964 1417 2004 literas,
1452 1963 1599 1998 Graecas
1633 1969 1666 1997 et

257 2037 403 2075 Latinas,
436 2041 527 2071 artes
556 2035 660 2069 etiam
690 2033 856 2072 liberales,
887 2042 1013 2077 magno
1040 2042 1118 2064 cum
1147 2029 1264 2063 fructu
1294 2026 1467 2067 didieiffet,
1498 2039 1518 2061 a
1546 2039 1666 2072 paren-

258 2103 356 2137 tibus.
386 2106 459 2135 erat
490 2104 605 2133 autem
632 2096 869 2132 constabularii
899 2093 1091 2129 Deidonani
1124 2093 1222 2131 filius,
1253 2092 1289 2126 in
1313 2091 1461 2126 Galliam
1486 2091 1532 2125 est
1561 2091 1667 2124 trans-

258 2164 393 2204 miffus3
428 2169 463 2198 et
496 2175 538 2197 ne
572 2163 608 2197 in
642 2174 682 2197 ea
722 2158 998 2207 peregrinatione
1031 2162 1167 2203 tempus
1199 2161 1375 2191 conterere
1412 2155 1593 2193 videretur,
1632 2155 1665 2188 in

259 2230 348 2265 alma
376 2227 561 2262 Academia
588 2224 761 2261 Parifienfi
786 2223 878 2270 apud
904 2221 1112 2261 Turnebum‚
1135 2220 1194 2266 qui
1219 2219 1323 2254 etiam
1349 2218 1453 2253 Scoto
1477 2230 1541 2252 avo
1567 2224 1667 2253 natus

256 2298 341 2331 erat,
377 2291 518 2325 Petrum
553 2289 712 2327 Rammn,
747 2284 1017 2324 Genebrardum
1057 2283 1245 2322 Budaeum‚
1283 2286 1318 2316 et
1350 2281 1435 2317 alios
1467 2281 1558 2316 viros
1590 2282 1666 2316 doc-
