1913 2692
670 207 731 238 DE
772 207 1106 237 SCRIPTORIBUS
1143 208 1305 238 SCOTIS.
1632 211 1693 249 117

285 297 502 334 Bibliotheca
531 296 638 344 posita
670 297 744 338 suit,
775 302 810 332 et
840 296 874 331 in
902 297 993 331 hunc
1026 297 1131 344 usquc
1164 297 1256 332 diem
1290 297 1509 333 conservatur
1540 312 1561 334 a
1587 301 1700 346 ponti·

284 363 355 397 fiee.
417 362 479 396 Vir
507 366 582 396 erat
612 360 647 395 in
674 359 877 395 humaniore
907 359 1089 395 literatura
1116 360 1217 407 supra
1249 361 1427 408 vulgarem
1456 374 1588 398 morem
1622 375 1698 399 eru-

281 425 382 465 ditus,
417 429 520 471 poeta
557 435 627 458 non
663 423 825 470 vulgaris,
867 428 984 458 orator
1023 424 1177 465 disertus,
1217 424 1438 472 philosophus
1479 426 1696 468 acutissimus,

282 489 368 524 acris
397 487 534 534 ingenii,
564 487 660 522 solidi
683 486 815 534 judicii,
845 486 996 522 summae
1026 488 1237 529 eruditionis,
1268 488 1360 535 paris
1389 489 1616 536 eloquentiae,
1646 491 1697 526 in-

280 551 453 586 credibilis
485 550 669 585 industriae
696 556 732 585 et
760 550 912 586 laboris:
947 551 1119 598 denique„
1140 551 1175 586 in
1209 552 1303 587 omni
1332 552 1484 588 melioris
1517 553 1696 589 doctrinae

279 627 404 662 genere
446 619 580 650 tantam
621 614 821 650 consecutus
863 615 909 650 est
950 616 1207 660 perfeffionem,
1250 621 1289 651 ut
1328 616 1420 651 inter
1456 617 1695 654 eruditiffimos

279 679 402 714 aetatis
434 679 513 713 suae
546 678 638 714 viros
670 690 738 713 non
772 678 944 713 immerito
981 677 1062 713 esset
1098 679 1338 714 numerandus.
1390 680 1546 727 Reliquit
1585 681 1695 716 multa

279 743 416 790 egregie
444 743 576 777 calamo
610 747 785 782 annotata,
818 743 919 789 plura
951 742 1091 789 quidem
1122 742 1233 777 multo
1267 747 1302 777 et
1335 743 1468 789 majora
1496 744 1692 785 relicturus

278 807 337 842 nifi
370 813 482 842 morte
515 806 695 853 repentina
725 806 838 842 fuisset
870 812 1085 853 praeventus,
1128 818 1216 852 quae
1250 807 1356 842 doaa
1392 819 1471 842 01110
1513 809 1690 855 voluptate

277 872 405 917 legeret
422 871 608 917 posteritas,
626 871 809 917 praecipue
826 871 911 906 hacc
930 885 936 906 ι

420 934 602 968 Orationes
619 934 791 980 quasdam.

422 997 544 1032 Theses
562 997 734 1044 quasdam.

419 1061 581 1096 Carmina
597 1061 700 1096 varia.

275 1124 408 1159 Claruit
449 1137 539 1159 anno
581 1125 760 1161 intimatae
798 1125 891 1171 pacis
933 1125 1149 1172 evangelicae
1190 1127 1292 1166 1582,
1331 1125 1391 1161 sub
1430 1126 1566 1162 Scotiae
1607 1139 1687 1174 rege

273 1187 404 1223 Jacobo
423 1188 539 1224 Sexto.

710 1334 774 1369 DE
797 1334 979 1370 JACOBO
1005 1333 1250 1368 LAUSONIO.

271 1446 434 1481 ι1110011113
466 1446 684 1486 LAUsoNIUS‚
715 1445 917 1482 ecclesiastes
945 1443 1155 1492 profeffione,
1189 1443 1329 1479 natione
1363 1444 1494 1485 Scotus‚
1525 1458 1546 1480 a
1574 1447 1687 1492 prima

265 1510 448 1556 juventute
479 1510 514 1544 10
548 1510 664 1545 studiis
692 1511 870 1550 virtutum,
905 1509 1052 1556 pietatis,
1082 1514 1118 1543 et
1145 1509 1314 1542 bonariun
1342 1508 1522 1543 literarum
1557 1511 1685 1556 optime

270 1574 450 1615 enutritus,
493 1574 660 1608 1001111101
701 1574 813 1610 faetus
850 1572 1042 1608 incredibili
1079 1571 1298 1607 scientiarum
1335 1572 1567 1608 inflammatus
1605 1574 1686 1609 defi-

270 1638 364 1672 110110
393 1638 493 1684 petiit
521 1638 743 1673 Academiam
771 1637 1111 1684 Andreapolitanam,
1146 1635 1215 1675 ubi,
1250 1635 1426 1682 postquam
1457 1637 1501 1671 ad
1529 1637 1686 1673 humani-

270 1701 338 1736 oris
365 1701 564 1736 literaturae
589 1701 821 1748 cognitionem
847 1699 1051 1747 adjunxiss'et
1077 1698 1335 1745 philosophiam,
1363 1701 1487 1735 emoto
1514 1701 1685 1737 curriculo

269 1765 465 1805 studionun‚
494 1765 676 1811 magisterii
704 1766 821 1800 laurea
848 1765 1005 1800 donatur.
1066 1763 1156 1797 Hinc
1184 1763 1396 1809 praeclaram
1422 1764 1581 1806 indolem,
1614 1766 1685 1800 exi-

267 1829 352 1863 mias
386 1829 538 1870 virtutes,
569 1834 605 1864 et
637 1830 708 1864 alta
741 1834 884 1864 naturae
913 1829 1004 1863 dona
1037 1827 1219 1873 diligenter
1249 1827 1341 1861 omni
1375 1828 1509 1863 liberali
1541 1834 1616 1864 arte
1651 1836 1684 1865 et

266 1893 405 1927 scientia
432 1893 590 1928 excoluit.
670 1892 944 1928 Adolescentiam
973 1891 1068 1926 ficuti
1098 1896 1132 1925 et
1162 1890 1297 1926 virilem
1326 1897 1476 1927 aetatem
1506 1892 1542 1926 in
1571 1894 1683 1939 patria

265 1956 438 2003 transegit,
469 1969 580 2003 neque
608 1956 700 1991 enim
730 1969 809 1992 eum
838 1959 990 2004 unquam
1018 1955 1153 1990 Scotiae
1183 1955 1268 1990 fines
1298 1954 1466 2002 egl-effum
1499 1956 1595 1992 fuiffe
1628 1969 1683 1993 ac-

264 2021 425 2066 cepimus,
455 2020 515 2055 nisi
546 2021 639 2067 quod
668 2021 704 2055 in
733 2021 905 2067 Angliam,
935 2032 1014 2055 eum
1043 2018 1211 2065 Angufiae
1242 2024 1277 2054 et
1308 2019 1457 2054 Martiae
1489 2020 1681 2061 comitibus,

265 2089 299 2119 et
333 2084 408 2119 aliis
441 2084 608 2124 ministris,
647 2085 691 2119 ad
721 2090 858 2131 tempus
886 2083 1084 2123 secefferat3
1118 2083 1177 2117 ubi
1210 2089 1303 2117 certe
1337 2088 1515 2129 magnates
1548 2090 1584 2118 et
1618 2085 1681 2120 viri

264 2148 407 2182 illustres
435 2148 584 2194 phu-imi,
610 2149 654 2183 ob
682 2148 845 2195 insignem
876 2160 944 2195 qua
971 2147 1146 2194 praeditus
1174 2147 1240 2182 fuit
1269 2147 1509 2187 eruditionem,
1540 2160 1620 2183 eum
1646 2149 1682 2184 111

263 2210 400 2245 summis
441 2211 571 2246 deliciis
609 2212 813 2247 habuerunt.
880 2212 968 2246 Cum
1001 2216 1118 2246 autem
1152 2223 1214 2257 per
1252 2215 1402 2246 aetatem
1437 2210 1608 2257 judicium
1650 2213 1681 2248 ei

262 2273 512 2315 maturesceret,
538 2275 571 2310 se
597 2280 711 2311 totum
736 2275 859 2310 divinis
880 2275 1088 2323 mancipavit
1115 2275 1285 2322 obsequiis
1317 2281 1352 2311 et
1386 2275 1560 2312 sacrarum
1591 2276 1684 2312 liter-
