1913 2692
284 226 325 254 88
675 222 737 252 DE
772 220 1013 251 SCRIPTORI
1021 220 1104 251 BUs
1140 219 1302 250 SCOTIS.

284 320 319 349 et
346 313 609 361 magnificentia.
661 313 788 348 Omnes
814 312 1012 358 superiores,
1037 316 1072 345 et
1100 311 1159 356 qui
1182 323 1269 345 eum,
1284 310 1389 356 usque
1423 310 1578 344 adhunc
1607 309 1696 343 diem

284 378 389 413 secuti
425 378 510 417 sunt,
550 376 723 423 episcopos
765 376 971 411 liberalitate
1007 375 1042 409 in
1076 375 1251 421 publicum
1292 374 1494 421 superavit3
1536 386 1614 408 cum
1648 373 1698 407 in-

284 447 380 476 terea
413 453 481 476 non
508 452 650 486 magnos
680 439 915 474 ecclesiasticos
944 444 1131 485 proventus
1157 444 1301 479 teneret,
1330 451 1440 484 neque
1468 438 1559 473 enim
1587 437 1698 472 adhuc

284 505 328 539 ad
370 504 491 538 Seotos
531 507 735 549 pervenerat
776 502 984 536 consuetudo
1026 503 1213 538 sacerdotia
1253 502 1449 538 sacerdotiis
1490 501 1697 536 cumulandi.

286 569 365 602 Tria
395 567 534 614 reliquit
570 566 649 601 suae
682 567 957 613 magnificentiae
992 572 1026 601 et
1056 567 1272 601 liberalitatis
1301 572 1525 601 monumenta
1551 565 1697 612 egregia,

285 632 415 666 scholas
440 631 594 677 publicas
619 631 663 664 ad
687 630 821 664 Fanum
850 630 1009 664 Andreae
1037 630 1196 665 maximis
1219 630 1409 676 fimiptibus
1434 630 1637 669 aedificatas,
1665 635 1699 663 et

286 694 418 741 magnis
441 694 665 740 proventibus
689 705 731 728 ex
758 692 983 728 ecclefiasticis
1013 699 1130 728 tamen
1160 693 1333 728 frufflbus
1362 693 1595 739 locupletatas,
1623 693 1700 727 Col-

286 757 414 803 legium
445 757 478 791 S.
511 757 708 796 Salvatoris,
743 756 779 790 in
809 768 877 802 quo
904 757 1069 803 juventus
1098 758 1142 792 ad
1173 757 1401 792 eruditionem
1430 769 1470 792 ac
1498 756 1699 803 religionem

287 821 464 856 informari
487 820 608 867 poffit;
629 832 861 855 marmoreum
879 820 1104 867 sepulchrum,
1123 823 1294 857 struetura
1315 821 1464 856 mirabili
1484 821 1699 859 eonfefflzmm

287 885 454 932 fimulque
481 890 516 920 et
539 885 714 931 ingentem
739 889 774 919 et
796 884 1017 920 admirandae
1044 887 1144 921 molis
1169 899 1292 921 navem
1318 886 1520 926 onerariam,
1539 886 1699 932 Bargiam

288 950 426 984 dietam.
486 949 600 995 Vulgo
633 954 750 983 autem
784 948 961 986 creditum,
996 949 1119 984 horum
1149 951 1255 985 trium
1289 950 1558 996 unumquodque
1587 949 1701 984 fimilis

288 1013 426 1060 prorsus
454 1011 550 1047 fuiffe
578 1012 681 1059 pretii
708 1017 743 1047 et
773 1012 906 1047 valoris.
970 1013 1078 1048 Porro
1109 1015 1201 1060 quod
1228 1014 1271 1048 ad
1297 1014 1445 1048 hominis
1472 1013 1699 1048 eruditionem

289 1078 423 1117 attinet,
446 1078 537 1112 inter
563 1077 632 1112 alia
654 1077 807 1112 literaria
832 1082 1056 1112 monumenta
1078 1077 1162 1111 haee
1185 1076 1361 1123 sequentia
1386 1077 1539 1123 sequenti
1562 1076 1700 1122 posteri-

288 1142 353 1177 tati
370 1141 509 1187 reliquit
524 1154 530 1175 :

435 1204 605 1252 Epistolas
635 1204 746 1239 varias
776 1204 820 1239 ad
853 1204 1002 1239 diversos
1036 1204 1137 1239 Viros
1168 1204 1288 1239 do&0s
1319 1204 1353 1238 in
1382 1204 1495 1239 Gallia
1524 1209 1558 1238 et
1590 1203 1698 1241 Italia,

483 1269 541 1304 lib.
560 1279 583 1303 1.

435 1333 635 1368 Orationem
652 1344 714 1379 pro
732 1332 824 1367 Cura
840 1332 978 1378 publiea
994 1332 1196 1367 Mulieribus
1213 1344 1282 1366 non
1299 1333 1501 1367 mandanda.

438 1397 490 1431 De
508 1397 589 1431 boni
607 1396 765 1443 Episcopi
783 1396 912 1436 Officio,
931 1396 988 1430 lib.
1008 1408 1030 1430 1.

293 1463 438 1497 Caetera
472 1461 516 1496 ad
551 1461 698 1495 nostram
735 1472 804 1494 non
840 1466 1071 1506 pervenerunt
1110 1460 1279 1495 notitiam.
1354 1460 1487 1496 Claruit
1520 1472 1610 1495 anno
1644 1460 1706 1494 hu-

294 1537 416 1560 manae
456 1524 703 1570 redemptionis
746 1526 849 1560 1466,
888 1523 969 1557 (111111
1011 1525 1054 1558 ad
1096 1525 1222 1558 Sootici
1263 1524 1360 1570 regni
1399 1524 1533 1558 olavum
1575 1524 1705 1558 sederet

294 1589 445 1623 Jacobus
471 1587 616 1622 Tertius.
668 1586 870 1621 Tumulatus
898 1586 944 1620 est
971 1586 1006 1620 in
1037 1588 1189 1634 Collegio
1219 1588 1260 1622 D.
1294 1588 1488 1627 Salvatoris‚
1519 1600 1539 1622 a
1568 1587 1600 1622 se
1628 1599 1707 1622 con-

296 1653 432 1687 struao.

700 1794 762 1828 DE
789 1794 1048 1829 GUILIELMO
1075 1795 1307 1830 SEUESSIO.

301 1907 535 1942 GUILIELMUS
571 1907 777 1946 SEUESSIUS‚
815 1907 918 1952 vulgo
957 1906 1123 1945 Schewes,
1160 1907 1192 1941 S.
1228 1907 1386 1941 Andreae
1420 1906 1711 1952 ArehiepiscopuS.

302 1972 430 2019 primas
464 1972 578 2011 etiam,
609 1976 644 2005 et
677 1971 774 2017 regni
808 1971 951 2016 legatus,
993 1982 1118 2016 genere
1162 1971 1299 2016 quidem
1335 1976 1369 2005 et
1407 1970 1545 2005 natione
1580 1970 1710 2009 Scotus,

303 2048 381 2070 cum
416 2035 451 2069 in
479 2034 555 2081 ipfis
585 2035 683 2069 annis
715 2035 786 2068 fere
812 2034 1001 2080 puerilibus
1030 2034 1195 2080 optimam
1226 2035 1416 2069 ostenderet
1443 2034 1601 2073 indolem,
1631 2045 1713 2067 eura

304 2098 442 2133 suorum
476 2098 608 2145 semper
641 2098 676 2132 in
710 2098 825 2132 studiis
851 2098 989 2144 pietatis
1020 2102 1055 2132 et
1082 2099 1250 2132 bonarum
1279 2098 1457 2132 literarmn
1482 2096 1633 2130 nutritus
1657 2096 1712 2130 est.

306 2163 383 2197 Post
409 2163 583 2198 imbibitas
608 2168 684 2197 tum
709 2162 928 2197 humaniores
957 2167 1033 2197 tum
1056 2161 1303 2207 philosophicas
1329 2160 1520 2206 disciplinas
1542 2160 1576 2193 in
1602 2160 1715 2194 schola

307 2227 427 2272 patria,
452 2227 589 2273 juvenis
614 2227 685 2261 acri
714 2226 851 2273 ingenio
881 2226 1022 2261 Lovanii
1051 2226 1141 2271 apud
1170 2226 1340 2260 Joannem
1369 2224 1585 2270 Spinkerum,
1611 2224 1717 2258 medi-

308 2301 396 2330 cum,
429 2295 465 2324 et
498 2290 699 2336 astrologiae
731 2290 847 2325 studiis
880 2290 1040 2330 nobilem,
1075 2290 1206 2335 aliquot
1239 2300 1346 2323 annos
1379 2288 1458 2335 egit.
1519 2289 1638 2324 Postea
1665 2288 1717 2321 vir
