1913 2692
267 246 307 274 12
616 240 677 270 DE
702 237 1034 270 SCRIPTORIBUS
1060 235 1223 266 SCOTIS.

411 331 684 367 Commentarios
708 329 914 365 doetiffimos
937 329 971 362 in
996 332 1144 373 quatuor
1163 326 1220 360 lib.
1249 323 1504 359 Sententiarum
1536 322 1674 368 scripsit.

412 395 609 430 Ordinarias
626 395 730 429 etiam
757 393 975 434 Quaestiones
1001 397 1035 425 et
1065 389 1296 431 Quodlibetas.

412 458 685 494 Commentarios
714 457 749 491 in
774 455 950 502 Physicam
968 454 1168 489 Aristotelis.

270 526 351 571 Ejus
391 523 506 569 aliqua
544 522 655 556 adhuc
693 520 817 566 scripta
853 519 971 553 dicunt
1009 524 1127 552 extare
1161 517 1197 551 in
1225 516 1428 551 monasterio
1454 515 1487 549 S.
1524 515 1675 550 Viemris

271 588 435 623 Lutetiae.
486 585 618 620 Claruit
635 596 724 619 anno
751 596 772 618 a
798 589 899 629 partu
916 581 1067 627 Virginis
1098 583 1199 620 1410,
1223 586 1389 626 regnante
1405 580 1537 614 Jacobo
1561 578 1678 613 Primo

271 653 305 686 in
324 650 446 686 Scotia.

669 775 732 809 DE
758 773 923 808 THOMA
950 770 1275 807 OTTERBURNO.

273 884 427 917 TquAs
463 882 724 917 OTTERBURNE,
753 877 890 912 natione
938 876 1068 915 Scottis,
1111 873 1311 921 professione
1351 872 1602 912 Franciscanus,
1638 885 1679 906 ex

272 947 413 992 antiqua
449 944 737 979 Otterburnorum
765 941 895 976 familia
920 939 1092 979 oriundus,
1123 939 1158 972 in
1185 937 1298 972 schola
1324 936 1568 983 Edinburgenfi
1601 937 1682 971 edu-

273 1017 377 1045 catus„
412 1010 447 1043 in
482 1007 654 1053 theologia
691 1011 724 1040 et
773 1004 985 1051 philosophia
1024 1003 1171 1049 optimos
1206 1002 1334 1036 fecerat
1375 999 1587 1048 progreffus:
1631 1001 1683 1034 vir

273 1075 400 1120 pietate
429 1079 462 1107 et
492 1071 649 1106 doctrina
675 1070 794 1109 clarus,
826 1069 861 1102 in
878 1067 1023 1102 historiis
1051 1066 1232 1101 scribendis
1255 1066 1384 1111 optime
1402 1064 1561 1099 versatus.
1605 1064 1683 1099 Pos-

274 1145 426 1172 terorum
444 1137 487 1171 ad
504 1135 601 1169 usum
618 1133 757 1180 reliquit

418 1201 488 1235 Res
504 1199 612 1245 gestas
630 1198 810 1232 Scotorum
828 1201 862 1230 et
880 1195 1071 1241 Anglorum
1089 1194 1125 1228 in
1142 1194 1244 1228 variis
1261 1193 1413 1227 Praeliis.

419 1265 471 1298 De
489 1261 699 1297 Succeflione
716 1260 889 1295 Comitum
907 1256 1183 1297 Northumbriae,
1200 1256 1257 1291 lib.
1276 1266 1299 1290 Ι.

420 1325 666 1372 Opusculorum
684 1324 741 1358 lib.
760 1334 782 1357 I.

276 1398 309 1426 et
337 1391 404 1426 alia
430 1389 586 1436 plurima.
633 1385 796 1422 Claruiffe
827 1386 937 1420 fertur
970 1385 1061 1420 circa
1089 1397 1216 1420 annum
1242 1384 1365 1419 Christi
1394 1387 1496 1424 1411,
1520 1389 1684 1430 regnante

276 1456 405 1490 Jacobo
422 1453 548 1488 Primo.

635 1577 698 1612 DE
725 1574 1007 1623 [GULIELMO]
1033 1575 1323 1610 TURNBULLO.

280 1688 320 1721 D.
351 1686 604 1720 TURNBULLUS.
645 1680 831 1727 Episcopus
866 1679 1085 1726 Glasguenfis,
1115 1679 1253 1725 pietatis
1293 1685 1328 1714 et
1367 1679 1544 1713 doctrinae
1588 1679 1686 1713 laude

281 1749 459 1796 praestans,
485 1745 666 1791 collegium
702 1742 919 1790 pecuniisque
949 1742 1028 1777 satis
1059 1743 1211 1789 amplum
1243 1749 1278 1777 et
1316 1743 1464 1789 praediis
1500 1743 1543 1777 ad
1573 1742 1687 1776 litera*

280 1825 357 1847 rum
390 1811 497 1846 studia
530 1808 711 1844 excitanda
746 1807 958 1852 fovendaque
985 1806 1104 1846 erexit,
1144 1807 1199 1841 cui
1238 1812 1428 1841 extremam
1455 1818 1596 1841 manum
1626 1806 1687 1840 im-

281 1874 446 1923 posuifl'et‚
477 1879 580 1919 atque
609 1873 652 1907 ad
682 1870 942 1917 amplitudinem
968 1870 1078 1904 multo
1104 1870 1269 1915 majorem
1304 1868 1474 1909 evexiffet‚
1507 1870 1566 1904 nifi
1596 1869 1688 1904 istius

283 1939 465 1975 confilium,
507 1937 645 1983 pietatis
685 1947 725 1970 ac
766 1934 864 1969 studii
894 1934 929 1968 in
974 1933 1146 1968 eeclefiam
1187 1934 1336 1979 plenum,
1371 1945 1463 1967 mors
1492 1933 1688 1978 importuna

282 2000 524 2050 praevertiffet.
584 2000 646 2034 Vir
684 2004 756 2033 erat
783 1997 940 2043 religioni
973 2003 1008 2031 et
1046 1997 1267 2043 hospitalitati
1318 1997 1502 2032 admodum
1544 1997 1687 2033 deditus,

283 2074 317 2103 et
347 2066 445 2102 bonis
471 2064 653 2111 operibus;
682 2073 793 2108 neque
820 2061 920 2096 aliter
946 2073 1049 2107 quam
1077 2061 1123 2095 sol
1149 2061 1367 2107 resplendens
1395 2061 1432 2095 in
1460 2060 1589 2106 templo
1623 2060 1688 2094 Dei

282 2130 418 2169 refulfit‚
448 2134 508 2164 aut
534 2129 615 2162 thus
643 2127 765 2162 ardens
802 2126 838 2160 in
867 2126 965 2171 igne:
1002 2131 1076 2159 erat
1110 2125 1141 2159 ei
1173 2125 1257 2159 fides
1298 2123 1528 2170 integerrima,
1567 2129 1602 2157 et
1639 2123 1689 2157 in-

284 2196 423 2243 genium
449 2192 603 2227 veritatis
627 2191 758 2237 semper
785 2189 1057 2227 amantissimum‚
1093 2194 1128 2223 et
1170 2193 1307 2234 praeter
1335 2187 1441 2221 vitam
1474 2198 1554 2221 vere
1595 2186 1688 2232 apos-

285 2260 432 2297 tolicam,
459 2256 605 2302 ingenio,
631 2255 797 2294 facundia,
828 2259 863 2288 et
892 2253 1084 2287 eruditione
1113 2251 1303 2297 multiplici.
1336 2262 1454 2284 omnes
1487 2254 1688 2285 coaetaneos

285 2327 384 2369 longe
402 2320 590 2366 superabat.
641 2318 777 2364 Scripiit
