1913 2692
280 201 339 229 12³„
682 200 743 229 DE
776 199 1108 230 SCRIPTORIBUS
1143 200 1303 230 SCOTIS.

284 303 352 337 qua
393 290 486 337 prius
528 290 605 324 usus
647 295 729 325 erat.
797 290 865 325 Sed
899 291 943 325 ad
979 290 1126 325 hominis
1164 290 1391 326 eruditionem
1429 291 1520 338 quod
1559 293 1692 333 attinet,

283 355 430 401 plurima
460 353 586 400 scripsit
614 354 783 400 opuscula,
815 366 833 388 e
866 354 990 400 quibus
1019 354 1163 389 Londini
1190 353 1347 401 impressa
1374 354 1450 389 sunt
1479 355 1582 390 tomis
1611 356 1694 391 duo-

282 419 355 459 bus,
386 430 469 453 cura
495 418 646 452 Thomae
676 416 846 457 Voluseni,
875 417 967 452 illius
995 418 1138 463 nepotis,
1169 430 1256 464 quae
1289 423 1392 453 antea
1424 430 1493 453 non
1520 420 1694 454 extabant.

286 481 422 528 Scripfit

429 544 628 579 Gratiarum
667 543 852 578 A6Honem
890 543 1006 577 illustr.
1042 548 1076 577 et
1114 543 1288 588 potentiss.
1326 544 1476 591 Principi
1510 545 1552 580 D.
1586 545 1696 580 Eliza-

478 607 602 642 bethae
643 607 798 653 Angliae‚
835 607 1010 646 Franciae,
1045 611 1080 640 et
1119 606 1304 642 Hiberniae
1341 607 1503 654 Reginae,
1543 615 1693 655 propter,

478 676 541 706 etc.
559 670 712 705 carmine
728 670 876 705 heroico.

430 733 654 780 Pal-aphrafin
683 734 719 768 in
748 734 842 768 varia
869 733 1066 779 Scripturae
1093 733 1176 768 loca.

430 797 627 833 Catechefin
675 797 821 832 Joannis
865 797 1007 838 Calvini,
1058 797 1208 832 carmine
1255 797 1392 833 heroico
1419 811 1427 839 ;
1474 810 1552 833 cum
1594 800 1695 834 variis

478 861 617 909 Elogiis,
635 861 910 908 Epigrammatis‚
930 866 992 895 etc.

288 926 419 960 Claruit
433 937 522 960 anno
541 925 685 971 virginei
703 930 822 970 partus
835 926 937 965 1590,
949 925 1031 959 dum
1044 930 1204 972 regnaret
1217 925 1253 959 in
1265 924 1380 960 Scotia
1394 925 1544 960 Jacobus
1560 925 1695 961 Sextus.

596 1067 658 1102 DE
686 1067 886 1113 [MARCO]
915 1067 1204 1102 ALEXANDRO
1229 1067 1383 1102 BODIO.

290 1180 481 1228 [MARCUS]
513 1181 747 1214 ALEXANDER
774 1179 922 1218 Bomos,
954 1178 1092 1212 natione
1122 1177 1254 1219 Scotus,
1283 1178 1319 1212 in
1348 1178 1491 1213 baronia
1518 1179 1695 1214 Ransrow-

289 1244 355 1279 ensi
385 1248 485 1278 natus
515 1255 558 1277 ex
587 1242 730 1288 antiqua
763 1241 951 1276 Bodiorum
982 1241 1118 1281 familia,
1150 1246 1184 1276 et
1213 1242 1249 1276 in
1284 1241 1479 1287 Glasguenfi
1509 1243 1695 1278 Academia

289 1323 309 1344 a
342 1307 469 1343 teneris
502 1307 599 1341 annis
632 1305 770 1352 optimis
799 1305 982 1351 disciplinis
1011 1305 1171 1346 imbutus,
1199 1305 1258 1341 ubi
1288 1317 1366 1340 cum
1394 1305 1430 1339 in
1457 1305 1696 1352 philosophicis

290 1372 405 1408 studiis
437 1370 568 1416 aliquot
602 1381 709 1404 annos
742 1368 874 1403 utiliter
908 1368 986 1402 satis
1018 1367 1219 1409 collocafl'et,
1263 1369 1445 1416 magisterii
1479 1369 1620 1403 titulum
1653 1370 1695 1404 de

289 1448 383 1471 more
414 1434 553 1480 accepit.
605 1433 732 1471 Postea,
764 1433 807 1467 ad
837 1432 967 1478 majora
992 1432 1099 1467 studia
1128 1432 1341 1478 capescenda,
1371 1438 1507 1467 exteras
1540 1433 1695 1468 nationes

291 1499 415 1546 petiit,
449 1499 484 1532 in
518 1497 665 1532 Galliam
699 1496 805 1541 igitur
838 1496 884 1530 est
917 1495 1058 1536 delatus,
1093 1496 1152 1531 ubi
1180 1496 1352 1543 gymnasia
1381 1496 1603 1531 celeberrima
1631 1497 1696 1531 fre-

291 1562 478 1610 quentavit,
507 1561 541 1595 in
571 1560 675 1606 iisque
702 1565 800 1594 tanta
829 1571 907 1593 cum
940 1558 1116 1605 diligentia
1144 1564 1309 1605 tantoque
1338 1571 1416 1593 cum
1444 1559 1561 1594 fructu
1589 1559 1697 1593 literis

292 1625 432 1662 Graecis
459 1629 493 1658 et
523 1623 652 1658 Latinis
679 1634 818 1669 operam
847 1622 950 1662 dedit,
978 1626 1017 1656 ut
1045 1634 1114 1657 non
1140 1622 1282 1657 ultimus
1308 1622 1344 1656 in
1368 1622 1430 1662 his,
1456 1623 1492 1656 in
1520 1622 1587 1657 illis
1616 1635 1697 1657 vero

293 1691 423 1737 primus
452 1688 484 1723 ci
510 1688 676 1722 debeatur
702 1687 805 1726 locus,
835 1698 913 1720 cum
942 1685 1032 1731 apud
1063 1684 1182 1719 Scotos
1214 1690 1290 1719 tum
1319 1685 1409 1730 apud
1438 1685 1580 1720 Gallos:
1614 1685 1697 1731 quin

294 1760 329 1789 et
362 1754 452 1787 inter
485 1751 618 1786 eosdem
653 1751 770 1785 Gallos
803 1755 875 1784 tam
908 1748 1049 1784 studiose
1083 1754 1118 1783 et
1151 1749 1296 1783 feliciter
1328 1747 1452 1794 poefin,
1479 1748 1696 1788 rhetoricam,

295 1817 467 1863 ipsamque
509 1815 594 1849 adeo
631 1813 878 1860 philosophiam
916 1812 1021 1847 coluit
1053 1813 1233 1853 audiendo,
1273 1812 1426 1859 legendo,
1465 1812 1627 1851 docendo,
1663 1817 1697 1846 et

294 1879 478 1917 scribendo,
503 1883 541 1912 ut
566 1877 704 1912 habitus
732 1875 771 1910 fit
801 1875 892 1921 quali
927 1875 1129 1910 miraculum
1158 1876 1382 1922 eloquentiae,
1414 1881 1449 1910 et
1477 1875 1580 1910 Mufis
1608 1875 1698 1909 filius

293 1944 392 1978 unice
420 1942 588 1982 dilectum
617 1940 731 1975 omnia
758 1939 886 1974 etenim
913 1937 1154 1985 elegantiffime
1182 1939 1337 1973 Romane
1362 1942 1397 1972 et
1423 1937 1549 1978 Attice,
1575 1943 1614 1971 ut
1639 1937 1697 1971 illa

296 2007 450 2041 ferebant
483 2010 650 2050 tempora,
682 2003 747 2037 hoc
777 2003 832 2041 est,
867 2002 1004 2048 optime,
1039 2001 1235 2048 composuit.
1302 2001 1387 2035 Erat
1416 2006 1593 2047 praeterea
1625 2006 1697 2035 tam

296 2070 399 2105 Marti
427 2080 530 2115 quam
558 2067 729 2102 Mercurio
757 2065 901 2105 deditus,
931 2065 1021 2099 unde
1049 2065 1101 2099 his
1130 2065 1324 2099 nominibus
1352 2064 1443 2110 apud
1469 2063 1586 2098 Gallos
1614 2063 1698 2097 hon-

296 2134 447 2168 orificam
473 2132 509 2166 in
535 2132 626 2166 hunc
653 2130 744 2165 diem
773 2129 922 2165 obtinuit
947 2129 1157 2164 memoriam.
1218 2128 1280 2162 Vir
1306 2128 1367 2162 alti
1400 2132 1434 2162 et
1468 2127 1549 2162 elati
1582 2126 1696 2166 animi,

295 2202 398 2242 atque
421 2195 620 2241 praestantis
644 2193 782 2241 ingenii,
809 2193 991 2239 stupendae
1017 2192 1212 2231 memoriae,
1236 2191 1371 2237 infignis
1397 2190 1583 2230 doctrinae,
1607 2190 1698 2236 paris

296 2260 518 2306 eloquentiae,
550 2260 759 2294 Graecarum
792 2257 939 2302 denique
972 2256 1150 2290 literarum
1183 2255 1338 2300 peritus:
1374 2265 1511 2288 omnem
1543 2254 1699 2288 humani-
