1913 2692
607 202 668 231 DE
704 199 1038 231 SCRIPTORIBUS
1075 200 1236 230 SCOTls.
1584 203 1625 239 37

214 293 404 332 tradiderit,
438 298 473 326 et
506 291 610 325 dubio
650 290 779 336 procul,
819 296 858 324 ut
898 290 1010 335 inquit
1053 289 1140 323 alius
1182 290 1284 327 testis,
1318 290 1551 336 philosophica
1597 298 1629 324 et

214 356 335 390 ethica.
402 355 484 400 Ejus
523 354 626 389 etiam
664 353 846 399 praeconia
883 352 964 387 olim
1001 353 1222 399 proferebant
1260 353 1427 393 Paterius,
1473 354 1630 399 Gregorii

215 419 331 465 Magni
361 418 551 464 discipulus,
581 430 621 452 ac
650 417 829 461 Remigius
859 415 1127 451 Altifiodorenfis
1167 417 1202 450 in
1242 417 1498 451 Commentario
1533 418 1630 463 super

214 482 359 516 eundem
391 481 576 516 Sedulium.
628 481 749 515 Clarus
774 480 839 514 fuit
865 480 900 514 in
927 480 1028 514 Italia
1053 480 1266 526 temporibus
1292 480 1467 515 Theodofii
1494 481 1631 526 posteri-

214 547 285 585 bus,
316 545 365 580 ait
396 544 565 579 Henricus
592 545 634 579 de
661 544 829 578 Erfordia.
891 543 1037 578 Sordere
1073 544 1211 579 diritate
1245 545 1489 579 Mahometana
1525 545 1631 579 Grae-

213 609 300 644 ciam
330 607 519 655 oppreffam
549 620 619 642 non
650 607 725 642 finit
755 607 891 642 Coelius
921 607 1089 647 Sedulius,
1121 608 1233 654 inquit
1263 608 1482 654 Dempsterus
1509 608 1627 642 noster.

214 673 422 708 Trithemius
452 685 495 707 ex
525 673 705 719 Sigeberto
733 672 839 706 refert
873 684 952 706 eum
980 671 1211 718 episcopatum
1244 671 1372 718 gefliss'e
1401 672 1537 712 alicubi,
1574 672 1629 707 sed

215 749 339 771 nomen
370 737 435 771 loci
468 748 537 771 uon
572 737 618 771 est
653 741 865 771 annotatum.
917 734 1055 781 Scripsit
1088 741 1205 770 antem
1239 741 1274 770 et
1308 741 1419 770 metro
1454 741 1488 770 et
1521 735 1630 770 soluta

214 801 368 835 oratione
395 801 494 847 plura
517 800 686 846 opuscula,
713 800 755 834 de
778 799 901 845 quibus
927 800 1017 845 apud
1047 799 1233 834 Bostonum
1260 800 1469 836 Buriensem,
1497 809 1531 834 et-
1558 801 1629 834 Tri-

214 865 392 904 themium,
411 877 450 899 ac
470 865 623 903 Baleum,
643 864 793 909 subjecta
810 868 946 898 tautum
963 864 1086 909 reperi.

357 928 412 962 Ad
445 927 685 962 Macedonium
721 928 894 961 Abbatem
937 939 1021 973 opus
1063 926 1199 972 infigne,
1231 927 1334 972 juxta
1369 926 1489 961 seriem
1524 928 1629 962 totius

405 991 592 1037 Evangelii,
643 991 735 1036 quod
784 991 1001 1036 praenotavit
1051 991 1197 1025 Carmen
1250 990 1420 1030 Paschale‚
1468 992 1523 1026 lib.
1578 1003 1626 1026 iv,

403 1055 556 1089 metrice.

359 1119 410 1153 De
429 1118 542 1164 Signis
560 1123 594 1152 et
613 1118 816 1157 Virtutibus,
836 1118 893 1152 lib.
912 1128 935 1151 Ι.

356 1182 457 1217 Gesta
474 1187 508 1216 et
526 1182 694 1216 Miracula
714 1181 846 1222 Christi,
865 1181 922 1216 lib.
942 1192 992 1215 IV.

356 1246 467 1292 Super
484 1251 630 1292 utroque
649 1246 872 1286 Testamento,
891 1245 948 1280 lib.
968 1256 1005 1280 11.

354 1310 395 1344 In
413 1309 564 1344 Psalmos
582 1309 774 1349 Davidicos,
793 1310 850 1344 lib.
870 1320 892 1343 1.

357 1374 579 1408 collectanea
596 1373 631 1407 in
650 1374 805 1413 Paulum,
824 1373 882 1408 lib.
901 1383 979 1407 XIV.

359 1439 399 1472 In
417 1438 564 1472 Paulum
582 1438 625 1472 ad
643 1438 827 1477 Romanos,
846 1437 902 1472 lib.
921 1448 944 1471 Ι.

356 1502 411 1536 Ad
429 1501 633 1541 Corinthios,
652 1502 709 1536 lib.
729 1512 766 1536 11.

356 1565 412 1599 Ad
429 1565 579 1605 Galatas,
598 1565 655 1600 lib.
674 1575 697 1599 Ι.

354 1628 410 1663 Ad
427 1627 597 1674 Ephesios,
616 1629 673 1663 lib.
693 1639 715 1662 Ι.

355 1692 410 1726 Ad
427 1692 670 1738 Philippenses,
689 1693 745 1727 lib.
765 1702 787 1726 Ι.

357 1756 411 1789 Ad
429 1754 644 1796 Coloffenfes,
663 1756 720 1790 lib.
744 1766 766 1789 1.

354 1819 410 1854 Ad
427 1818 741 1860 Thess'alonicenses,
760 1819 818 1854 lib.
836 1830 874 1854 11.

356 1882 412 1916 Ad
429 1882 656 1923 Timotheum,
674 1882 731 1917 lib.
750 1893 788 1917 11.

353 1946 409 1980 Ad
426 1945 542 1980 Titum
559 1945 769 1992 discipulum,
787 1947 845 1982 lib.
864 1957 886 1981 Ι.

353 2010 409 2044 Ad
426 2010 673 2050 Philemonem,
691 2010 749 2045 lib.
768 2021 791 2044 1.

353 2072 409 2107 Ad
427 2073 613 2113 Hebraeos,
632 2073 690 2108 lib.
709 2084 731 2108 1.

353 2136 405 2171 De
423 2136 540 2172 Faetis
557 2137 689 2177 Christi,
708 2137 867 2184 prosaice,
885 2137 942 2172 lib.
966 2148 1003 2172 11.

354 2201 410 2235 Ad
427 2201 606 2236 Caesarem
624 2201 856 2242 Theodosium,
875 2201 932 2236 lib.
951 2211 974 2235 1.

352 2265 637 2301 Exhortatorium
654 2266 698 2301 ad
715 2266 859 2307 Fideles,
877 2265 934 2300 lib.
953 2275 976 2299 1.
