<?xml version="1.0" encoding="UTF-8"?>
<!DOCTYPE html PUBLIC "-//W3C//DTD XHTML 1.0 Transitional//EN"
    "http://www.w3.org/TR/xhtml1/DTD/xhtml1-transitional.dtd">
<html xmlns="http://www.w3.org/1999/xhtml" xml:lang="en" lang="en">
 <head>
  <title>
</title>
<meta http-equiv="Content-Type" content="text/html;charset=utf-8" />
  <meta name='ocr-system' content='tesseract 3.04.00' />
  <meta name='ocr-capabilities' content='ocr_page ocr_carea ocr_par ocr_line ocrx_word'/>
</head>
<body>
  <div class='ocr_page' id='page_1' title='image "./davidisbuchanani00bann_0150.png"; bbox 0 0 1913 2692; ppageno 0'>
   <div class='ocr_carea' id='block_1_1' title="bbox 289 216 1288 252">
    <p class='ocr_par' dir='ltr' id='par_1_1' title="bbox 289 216 1288 252">
     <span class='ocr_line' id='line_1_1' title="bbox 289 216 1288 252; baseline -0.005 -2"><span class='ocrx_word' id='word_1_1' title='bbox 289 222 350 252; x_wconf 75' lang='lat'>128</span> <span class='ocrx_word' id='word_1_2' title='bbox 668 219 730 249; x_wconf 88' lang='lat' dir='ltr'>DE</span> <span class='ocrx_word' id='word_1_3' title='bbox 765 217 1094 249; x_wconf 85' lang='lat' dir='ltr'>SCRIPTORIBUS</span> <span class='ocrx_word' id='word_1_4' title='bbox 1127 216 1288 246; x_wconf 84' lang='lat' dir='ltr'><strong>SCOTIS.</strong></span> 
     </span>
    </p>
   </div>
   <div class='ocr_carea' id='block_1_2' title="bbox 288 305 1706 1938">
    <p class='ocr_par' dir='ltr' id='par_1_2' title="bbox 288 305 1703 987">
     <span class='ocr_line' id='line_1_2' title="bbox 292 305 1698 355; baseline -0.005 -9"><span class='ocrx_word' id='word_1_5' title='bbox 292 310 425 351; x_wconf 77' lang='lat' dir='ltr'>insulas,</span> <span class='ocrx_word' id='word_1_6' title='bbox 454 309 606 344; x_wconf 86' lang='lat' dir='ltr'>minister</span> <span class='ocrx_word' id='word_1_7' title='bbox 634 308 852 355; x_wconf 86' lang='lat' dir='ltr'>provincialis</span> <span class='ocrx_word' id='word_1_8' title='bbox 879 307 938 342; x_wconf 87' lang='lat' dir='ltr'>seu</span> <span class='ocrx_word' id='word_1_9' title='bbox 964 306 1265 342; x_wconf 77' lang='lat' dir='ltr'>commiffionarius</span> <span class='ocrx_word' id='word_1_10' title='bbox 1293 306 1329 340; x_wconf 93' lang='lat' dir='ltr'>in</span> <span class='ocrx_word' id='word_1_11' title='bbox 1362 305 1576 340; x_wconf 88' lang='lat' dir='ltr'>ecclesiarum</span> <span class='ocrx_word' id='word_1_12' title='bbox 1603 306 1698 352; x_wconf 90' lang='lat' dir='ltr'>plan-</span> 
     </span>
     <span class='ocr_line' id='line_1_3' title="bbox 288 369 1699 419; baseline -0.005 -9"><span class='ocrx_word' id='word_1_13' title='bbox 288 375 428 415; x_wconf 80' lang='lat' dir='ltr'>tatione,</span> <span class='ocrx_word' id='word_1_14' title='bbox 450 374 550 409; x_wconf 89' lang='lat' dir='ltr'>aliter</span> <span class='ocrx_word' id='word_1_15' title='bbox 576 372 877 419; x_wconf 77' lang='lat' dir='ltr'>Superintendens,</span> <span class='ocrx_word' id='word_1_16' title='bbox 901 372 947 405; x_wconf 89' lang='lat' dir='ltr'>est</span> <span class='ocrx_word' id='word_1_17' title='bbox 971 370 1127 411; x_wconf 46' lang='lat' dir='ltr'>electum</span> <span class='ocrx_word' id='word_1_18' title='bbox 1153 375 1188 405; x_wconf 85' lang='lat' dir='ltr'>et</span> <span class='ocrx_word' id='word_1_19' title='bbox 1210 382 1248 404; x_wconf 92' lang='lat' dir='ltr'>re</span> <span class='ocrx_word' id='word_1_20' title='bbox 1273 382 1354 404; x_wconf 85' lang='lat' dir='ltr'>vera</span> <span class='ocrx_word' id='word_1_21' title='bbox 1374 369 1429 404; x_wconf 90' lang='lat' dir='ltr'>hic</span> <span class='ocrx_word' id='word_1_22' title='bbox 1454 370 1500 404; x_wconf 87' lang='lat' dir='ltr'>est</span> <span class='ocrx_word' id='word_1_23' title='bbox 1526 369 1699 415; x_wconf 85' lang='lat' dir='ltr'>episcopus</span> 
     </span>
     <span class='ocr_line' id='line_1_4' title="bbox 290 432 1699 485; baseline -0.005 -12"><span class='ocrx_word' id='word_1_24' title='bbox 290 438 416 485; x_wconf 84' lang='lat' dir='ltr'>synodo</span> <span class='ocrx_word' id='word_1_25' title='bbox 450 437 689 483; x_wconf 84' lang='lat' dir='ltr'>suffraganeus,</span> <span class='ocrx_word' id='word_1_26' title='bbox 717 447 786 469; x_wconf 90' lang='lat' dir='ltr'>non</span> <span class='ocrx_word' id='word_1_27' title='bbox 817 439 934 469; x_wconf 86' lang='lat' dir='ltr'>autem</span> <span class='ocrx_word' id='word_1_28' title='bbox 966 434 1244 480; x_wconf 82' lang='lat' dir='ltr'>archiepiscopus.</span> <span class='ocrx_word' id='word_1_29' title='bbox 1312 433 1396 468; x_wconf 86' lang='lat' dir='ltr'>Erat</span> <span class='ocrx_word' id='word_1_30' title='bbox 1430 433 1533 467; x_wconf 90' lang='lat' dir='ltr'>etiam</span> <span class='ocrx_word' id='word_1_31' title='bbox 1567 432 1699 478; x_wconf 86' lang='lat' dir='ltr'>collegii</span> 
     </span>
     <span class='ocr_line' id='line_1_5' title="bbox 290 495 1699 542; baseline -0.004 -6"><span class='ocrx_word' id='word_1_32' title='bbox 290 502 323 537; x_wconf 88' lang='lat' dir='ltr'>S.</span> <span class='ocrx_word' id='word_1_33' title='bbox 352 502 385 536; x_wconf 89' lang='lat' dir='ltr'>S.</span> <span class='ocrx_word' id='word_1_34' title='bbox 414 500 590 534; x_wconf 81' lang='lat' dir='ltr'>Trinitatis</span> <span class='ocrx_word' id='word_1_35' title='bbox 619 498 828 537; x_wconf 67' lang='lat' dir='ltr'>Praefectus,</span> <span class='ocrx_word' id='word_1_36' title='bbox 860 502 895 531; x_wconf 87' lang='lat' dir='ltr'>et</span> <span class='ocrx_word' id='word_1_37' title='bbox 924 496 1080 531; x_wconf 85' lang='lat' dir='ltr'>ecelesiae</span> <span class='ocrx_word' id='word_1_38' title='bbox 1111 497 1144 531; x_wconf 83' lang='lat' dir='ltr'>S.</span> <span class='ocrx_word' id='word_1_39' title='bbox 1176 496 1359 531; x_wconf 81' lang='lat' dir='ltr'>Cuthberti</span> <span class='ocrx_word' id='word_1_40' title='bbox 1389 495 1604 542; x_wconf 86' lang='lat' dir='ltr'>praepositus,</span> <span class='ocrx_word' id='word_1_41' title='bbox 1636 500 1699 530; x_wconf 88' lang='lat' dir='ltr'>etc.</span> 
     </span>
     <span class='ocr_line' id='line_1_6' title="bbox 290 559 1702 608; baseline -0.004 -9"><span class='ocrx_word' id='word_1_42' title='bbox 290 564 356 599; x_wconf 86' lang='lat' dir='ltr'>Hic</span> <span class='ocrx_word' id='word_1_43' title='bbox 394 563 540 608; x_wconf 88' lang='lat' dir='ltr'>denique</span> <span class='ocrx_word' id='word_1_44' title='bbox 581 561 733 596; x_wconf 87' lang='lat' dir='ltr'>omnium</span> <span class='ocrx_word' id='word_1_45' title='bbox 771 560 980 607; x_wconf 87' lang='lat' dir='ltr'>optimarum</span> <span class='ocrx_word' id='word_1_46' title='bbox 1016 559 1233 594; x_wconf 79' lang='lat' dir='ltr'>scientiarum</span> <span class='ocrx_word' id='word_1_47' title='bbox 1273 559 1432 605; x_wconf 81' lang='lat' dir='ltr'>panoplia</span> <span class='ocrx_word' id='word_1_48' title='bbox 1469 559 1618 594; x_wconf 87' lang='lat' dir='ltr'>ubertim</span> <span class='ocrx_word' id='word_1_49' title='bbox 1652 560 1702 593; x_wconf 92' lang='lat' dir='ltr'>in-</span> 
     </span>
     <span class='ocr_line' id='line_1_7' title="bbox 291 621 1702 670; baseline -0.004 -9"><span class='ocrx_word' id='word_1_50' title='bbox 291 627 447 666; x_wconf 63' lang='lat' dir='ltr'>structus,</span> <span class='ocrx_word' id='word_1_51' title='bbox 472 627 598 661; x_wconf 62' lang='lat' dir='ltr'>cuneta</span> <span class='ocrx_word' id='word_1_52' title='bbox 623 625 728 659; x_wconf 82' lang='lat' dir='ltr'>etiarn</span> <span class='ocrx_word' id='word_1_53' title='bbox 751 623 958 670; x_wconf 83' lang='lat' dir='ltr'>dignitatum</span> <span class='ocrx_word' id='word_1_54' title='bbox 984 621 1163 657; x_wconf 84' lang='lat' dir='ltr'>clarissima</span> <span class='ocrx_word' id='word_1_55' title='bbox 1187 621 1327 668; x_wconf 74' lang='lat' dir='ltr'>fastigia,</span> <span class='ocrx_word' id='word_1_56' title='bbox 1356 634 1472 656; x_wconf 87' lang='lat' dir='ltr'>amore</span> <span class='ocrx_word' id='word_1_57' title='bbox 1493 622 1592 657; x_wconf 87' lang='lat' dir='ltr'>studii</span> <span class='ocrx_word' id='word_1_58' title='bbox 1616 622 1702 657; x_wconf 87' lang='lat' dir='ltr'>salu-</span> 
     </span>
     <span class='ocr_line' id='line_1_8' title="bbox 290 685 1701 735; baseline -0.004 -11"><span class='ocrx_word' id='word_1_59' title='bbox 290 690 383 730; x_wconf 84' lang='lat' dir='ltr'>taris,</span> <span class='ocrx_word' id='word_1_60' title='bbox 417 689 549 735; x_wconf 81' lang='lat' dir='ltr'>semper</span> <span class='ocrx_word' id='word_1_61' title='bbox 584 687 746 734; x_wconf 81' lang='lat' dir='ltr'>neglexit.</span> <span class='ocrx_word' id='word_1_62' title='bbox 810 686 954 733; x_wconf 82' lang='lat' dir='ltr'>Scriptis</span> <span class='ocrx_word' id='word_1_63' title='bbox 992 685 1131 732; x_wconf 89' lang='lat' dir='ltr'>quidem</span> <span class='ocrx_word' id='word_1_64' title='bbox 1171 685 1320 731; x_wconf 71' lang='lat' dir='ltr'>plui-ima</span> <span class='ocrx_word' id='word_1_65' title='bbox 1358 686 1543 725; x_wconf 82' lang='lat' dir='ltr'>mandavit,</span> <span class='ocrx_word' id='word_1_66' title='bbox 1584 697 1701 720; x_wconf 85' lang='lat' dir='ltr'>verum</span> 
     </span>
     <span class='ocr_line' id='line_1_9' title="bbox 291 748 1703 799; baseline -0.004 -11"><span class='ocrx_word' id='word_1_67' title='bbox 291 754 391 799; x_wconf 81' lang='lat' dir='ltr'>longe</span> <span class='ocrx_word' id='word_1_68' title='bbox 422 753 522 799; x_wconf 85' lang='lat' dir='ltr'>plura</span> <span class='ocrx_word' id='word_1_69' title='bbox 548 750 734 798; x_wconf 66' lang='lat' dir='ltr'>scripsisset,</span> <span class='ocrx_word' id='word_1_70' title='bbox 764 751 824 785; x_wconf 81' lang='lat' dir='ltr'>nifi</span> <span class='ocrx_word' id='word_1_71' title='bbox 850 750 999 785; x_wconf 88' lang='lat' dir='ltr'>multum</span> <span class='ocrx_word' id='word_1_72' title='bbox 1026 749 1116 783; x_wconf 89' lang='lat' dir='ltr'>vitae</span> <span class='ocrx_word' id='word_1_73' title='bbox 1144 748 1288 788; x_wconf 65' lang='lat' dir='ltr'>activae,</span> <span class='ocrx_word' id='word_1_74' title='bbox 1315 749 1358 782; x_wconf 89' lang='lat' dir='ltr'>ad</span> <span class='ocrx_word' id='word_1_75' title='bbox 1382 761 1486 794; x_wconf 86' lang='lat' dir='ltr'>quam</span> <span class='ocrx_word' id='word_1_76' title='bbox 1513 749 1549 783; x_wconf 91' lang='lat' dir='ltr'>in</span> <span class='ocrx_word' id='word_1_77' title='bbox 1574 749 1703 783; x_wconf 81' lang='lat' dir='ltr'>ecclesi-</span> 
     </span>
     <span class='ocr_line' id='line_1_10' title="bbox 292 810 1703 858; baseline -0.003 -7"><span class='ocrx_word' id='word_1_78' title='bbox 292 829 390 851; x_wconf 88' lang='lat' dir='ltr'>arum</span> <span class='ocrx_word' id='word_1_79' title='bbox 429 816 672 851; x_wconf 82' lang='lat' dir='ltr'>reformatione</span> <span class='ocrx_word' id='word_1_80' title='bbox 707 820 848 849; x_wconf 62' lang='lat' dir='ltr'>vocatus</span> <span class='ocrx_word' id='word_1_81' title='bbox 887 819 970 853; x_wconf 83' lang='lat' dir='ltr'>erat,</span> <span class='ocrx_word' id='word_1_82' title='bbox 1004 813 1038 848; x_wconf 88' lang='lat' dir='ltr'>se</span> <span class='ocrx_word' id='word_1_83' title='bbox 1071 810 1363 847; x_wconf 80' lang='lat' dir='ltr'>accommodasset.</span> <span class='ocrx_word' id='word_1_84' title='bbox 1420 813 1516 853; x_wconf 85' lang='lat' dir='ltr'>Quae</span> <span class='ocrx_word' id='word_1_85' title='bbox 1552 812 1593 847; x_wconf 92' lang='lat' dir='ltr'>de</span> <span class='ocrx_word' id='word_1_86' title='bbox 1631 813 1703 858; x_wconf 86' lang='lat' dir='ltr'>ejus</span> 
     </span>
     <span class='ocr_line' id='line_1_11' title="bbox 292 875 1702 926; baseline -0.004 -11"><span class='ocrx_word' id='word_1_87' title='bbox 292 879 424 926; x_wconf 84' lang='lat' dir='ltr'>scriptis</span> <span class='ocrx_word' id='word_1_88' title='bbox 452 885 524 914; x_wconf 90' lang='lat' dir='ltr'>tam</span> <span class='ocrx_word' id='word_1_89' title='bbox 554 879 651 913; x_wconf 66' lang='lat' dir='ltr'>versu</span> <span class='ocrx_word' id='word_1_90' title='bbox 685 890 787 924; x_wconf 86' lang='lat' dir='ltr'>quam</span> <span class='ocrx_word' id='word_1_91' title='bbox 816 877 926 912; x_wconf 87' lang='lat' dir='ltr'>soluta</span> <span class='ocrx_word' id='word_1_92' title='bbox 955 876 1118 916; x_wconf 82' lang='lat' dir='ltr'>oratione,</span> <span class='ocrx_word' id='word_1_93' title='bbox 1151 887 1229 910; x_wconf 92' lang='lat' dir='ltr'>cum</span> <span class='ocrx_word' id='word_1_94' title='bbox 1259 875 1440 910; x_wconf 81' lang='lat' dir='ltr'>vernaculo</span> <span class='ocrx_word' id='word_1_95' title='bbox 1473 881 1548 910; x_wconf 86' lang='lat' dir='ltr'>tum</span> <span class='ocrx_word' id='word_1_96' title='bbox 1581 876 1702 910; x_wconf 81' lang='lat' dir='ltr'>Latino</span> 
     </span>
     <span class='ocr_line' id='line_1_12' title="bbox 293 940 1046 987; baseline -0.003 -10"><span class='ocrx_word' id='word_1_97' title='bbox 293 943 457 984; x_wconf 77' lang='lat' dir='ltr'>sermone,</span> <span class='ocrx_word' id='word_1_98' title='bbox 475 943 631 983; x_wconf 83' lang='lat' dir='ltr'>vidimus,</span> <span class='ocrx_word' id='word_1_99' title='bbox 649 943 734 977; x_wconf 85' lang='lat' dir='ltr'>haec</span> <span class='ocrx_word' id='word_1_100' title='bbox 753 941 829 976; x_wconf 87' lang='lat' dir='ltr'>sunt</span> <span class='ocrx_word' id='word_1_101' title='bbox 846 940 1046 987; x_wconf 85' lang='lat' dir='ltr'>praecipua:</span> 
     </span>
    </p>

    <p class='ocr_par' dir='ltr' id='par_1_3' title="bbox 437 1004 870 1041">
     <span class='ocr_line' id='line_1_13' title="bbox 437 1004 870 1041; baseline -0.007 0"><span class='ocrx_word' id='word_1_102' title='bbox 437 1007 489 1041; x_wconf 93' lang='lat' dir='ltr'>De</span> <span class='ocrx_word' id='word_1_103' title='bbox 507 1006 642 1040; x_wconf 84' lang='lat' dir='ltr'>Unione</span> <span class='ocrx_word' id='word_1_104' title='bbox 660 1004 870 1039; x_wconf 88' lang='lat' dir='ltr'>Britanniae.</span> 
     </span>
    </p>

    <p class='ocr_par' dir='ltr' id='par_1_4' title="bbox 437 1068 894 1113">
     <span class='ocr_line' id='line_1_14' title="bbox 437 1068 894 1113; baseline -0.007 -9"><span class='ocrx_word' id='word_1_105' title='bbox 437 1070 489 1104; x_wconf 89' lang='lat' dir='ltr'>De</span> <span class='ocrx_word' id='word_1_106' title='bbox 507 1068 661 1104; x_wconf 87' lang='lat' dir='ltr'>Periodis</span> <span class='ocrx_word' id='word_1_107' title='bbox 678 1068 894 1113; x_wconf 88' lang='lat' dir='ltr'>Temporum.</span> 
     </span>
    </p>

    <p class='ocr_par' dir='ltr' id='par_1_5' title="bbox 438 1131 796 1167">
     <span class='ocr_line' id='line_1_15' title="bbox 438 1131 796 1167; baseline -0.006 0"><span class='ocrx_word' id='word_1_108' title='bbox 438 1133 491 1167; x_wconf 93' lang='lat' dir='ltr'>De</span> <span class='ocrx_word' id='word_1_109' title='bbox 509 1133 610 1166; x_wconf 88' lang='lat' dir='ltr'>Anno</span> <span class='ocrx_word' id='word_1_110' title='bbox 627 1131 796 1166; x_wconf 79' lang='lat' dir='ltr'>Jubilaeo.</span> 
     </span>
    </p>

    <p class='ocr_par' dir='ltr' id='par_1_6' title="bbox 439 1194 944 1234">
     <span class='ocr_line' id='line_1_16' title="bbox 439 1194 944 1234; baseline -0.01 -3"><span class='ocrx_word' id='word_1_111' title='bbox 439 1197 594 1231; x_wconf 87' lang='lat' dir='ltr'>Aureum</span> <span class='ocrx_word' id='word_1_112' title='bbox 613 1195 784 1234; x_wconf 86' lang='lat' dir='ltr'>Seculum,</span> <span class='ocrx_word' id='word_1_113' title='bbox 803 1194 861 1228; x_wconf 89' lang='lat' dir='ltr'>lib.</span> <span class='ocrx_word' id='word_1_114' title='bbox 880 1203 944 1227; x_wconf 84' lang='lat' dir='ltr'>vn.</span> 
     </span>
    </p>

    <p class='ocr_par' dir='ltr' id='par_1_7' title="bbox 436 1254 1124 1303">
     <span class='ocr_line' id='line_1_17' title="bbox 436 1254 1124 1303; baseline -0.006 -10"><span class='ocrx_word' id='word_1_115' title='bbox 436 1258 576 1292; x_wconf 91' lang='lat' dir='ltr'>Pindari</span> <span class='ocrx_word' id='word_1_116' title='bbox 595 1257 831 1303; x_wconf 72' lang='lat' dir='ltr'>Olympiorum</span> <span class='ocrx_word' id='word_1_117' title='bbox 849 1254 1124 1290; x_wconf 69' lang='lat' dir='ltr'>Traduffionem.</span> 
     </span>
    </p>

    <p class='ocr_par' dir='ltr' id='par_1_8' title="bbox 439 1317 1702 1368">
     <span class='ocr_line' id='line_1_18' title="bbox 439 1317 1702 1368; baseline 0.002 -12"><span class='ocrx_word' id='word_1_118' title='bbox 439 1321 491 1356; x_wconf 88' lang='lat' dir='ltr'>De</span> <span class='ocrx_word' id='word_1_119' title='bbox 527 1321 727 1356; x_wconf 86' lang='lat' dir='ltr'>Carminum</span> <span class='ocrx_word' id='word_1_120' title='bbox 763 1320 911 1354; x_wconf 83' lang='lat' dir='ltr'>Ratione</span> <span class='ocrx_word' id='word_1_121' title='bbox 949 1324 983 1353; x_wconf 88' lang='lat' dir='ltr'>ct</span> <span class='ocrx_word' id='word_1_122' title='bbox 1021 1317 1193 1358; x_wconf 60' lang='lat' dir='ltr'>Sectione,</span> <span class='ocrx_word' id='word_1_123' title='bbox 1230 1318 1379 1354; x_wconf 85' lang='lat' dir='ltr'>Pindaro</span> <span class='ocrx_word' id='word_1_124' title='bbox 1418 1320 1557 1367; x_wconf 74' lang='lat' dir='ltr'>aliisque</span> <span class='ocrx_word' id='word_1_125' title='bbox 1593 1323 1702 1368; x_wconf 86' lang='lat' dir='ltr'>poetis</span> 
     </span>
    </p>

    <p class='ocr_par' dir='ltr' id='par_1_9' title="bbox 487 1381 1179 1431">
     <span class='ocr_line' id='line_1_19' title="bbox 487 1381 1179 1431; baseline -0.006 -12"><span class='ocrx_word' id='word_1_126' title='bbox 487 1384 610 1431; x_wconf 78' lang='lat' dir='ltr'>lyricis,</span> <span class='ocrx_word' id='word_1_127' title='bbox 628 1383 827 1430; x_wconf 86' lang='lat' dir='ltr'>praesertim</span> <span class='ocrx_word' id='word_1_128' title='bbox 845 1382 994 1423; x_wconf 82' lang='lat' dir='ltr'>Graecis,</span> <span class='ocrx_word' id='word_1_129' title='bbox 1012 1381 1179 1416; x_wconf 85' lang='lat' dir='ltr'>familiari.</span> 
     </span>
    </p>

    <p class='ocr_par' dir='ltr' id='par_1_10' title="bbox 439 1448 789 1494">
     <span class='ocr_line' id='line_1_20' title="bbox 439 1448 789 1494; baseline -0.003 -12"><span class='ocrx_word' id='word_1_130' title='bbox 439 1448 588 1483; x_wconf 77' lang='lat' dir='ltr'>Lexicon</span> <span class='ocrx_word' id='word_1_131' title='bbox 606 1448 789 1494; x_wconf 80' lang='lat' dir='ltr'>Trilingue.</span> 
     </span>
    </p>

    <p class='ocr_par' dir='ltr' id='par_1_11' title="bbox 296 1510 1706 1938">
     <span class='ocr_line' id='line_1_21' title="bbox 442 1510 907 1556; baseline -0.004 -11"><span class='ocrx_word' id='word_1_132' title='bbox 442 1511 610 1545; x_wconf 88' lang='lat' dir='ltr'>Homilias</span> <span class='ocrx_word' id='word_1_133' title='bbox 626 1511 662 1545; x_wconf 90' lang='lat' dir='ltr'>in</span> <span class='ocrx_word' id='word_1_134' title='bbox 680 1511 713 1545; x_wconf 83' lang='lat' dir='ltr'>S.</span> <span class='ocrx_word' id='word_1_135' title='bbox 732 1510 907 1556; x_wconf 82' lang='lat' dir='ltr'>Paginam.</span> 
     </span>
     <span class='ocr_line' id='line_1_22' title="bbox 296 1571 1704 1619; baseline 0.002 -12"><span class='ocrx_word' id='word_1_136' title='bbox 296 1572 341 1607; x_wconf 83' lang='lat' dir='ltr'>Et</span> <span class='ocrx_word' id='word_1_137' title='bbox 383 1572 450 1607; x_wconf 79' lang='lat' dir='ltr'>alia</span> <span class='ocrx_word' id='word_1_138' title='bbox 486 1573 666 1618; x_wconf 78' lang='lat' dir='ltr'>permulta,</span> <span class='ocrx_word' id='word_1_139' title='bbox 713 1584 800 1618; x_wconf 88' lang='lat' dir='ltr'>quae</span> <span class='ocrx_word' id='word_1_140' title='bbox 839 1572 875 1605; x_wconf 90' lang='lat' dir='ltr'>in</span> <span class='ocrx_word' id='word_1_141' title='bbox 913 1571 1077 1618; x_wconf 82' lang='lat' dir='ltr'>Catalogo</span> <span class='ocrx_word' id='word_1_142' title='bbox 1120 1572 1231 1607; x_wconf 88' lang='lat' dir='ltr'>nostro</span> <span class='ocrx_word' id='word_1_143' title='bbox 1273 1573 1486 1619; x_wconf 82' lang='lat' dir='ltr'>Scriptorum</span> <span class='ocrx_word' id='word_1_144' title='bbox 1525 1574 1704 1610; x_wconf 84' lang='lat' dir='ltr'>habentur.</span> 
     </span>
     <span class='ocr_line' id='line_1_23' title="bbox 299 1634 1705 1682; baseline 0.001 -11"><span class='ocrx_word' id='word_1_145' title='bbox 299 1636 451 1671; x_wconf 87' lang='lat' dir='ltr'>Tandem</span> <span class='ocrx_word' id='word_1_146' title='bbox 475 1649 565 1671; x_wconf 87' lang='lat' dir='ltr'>anno</span> <span class='ocrx_word' id='word_1_147' title='bbox 594 1636 725 1682; x_wconf 83' lang='lat' dir='ltr'>gratiae</span> <span class='ocrx_word' id='word_1_148' title='bbox 753 1637 846 1670; x_wconf 83' lang='lat'>1606</span> <span class='ocrx_word' id='word_1_149' title='bbox 872 1634 1004 1680; x_wconf 84' lang='lat' dir='ltr'>placide</span> <span class='ocrx_word' id='word_1_150' title='bbox 1033 1640 1068 1669; x_wconf 89' lang='lat' dir='ltr'>et</span> <span class='ocrx_word' id='word_1_151' title='bbox 1093 1635 1148 1681; x_wconf 89' lang='lat' dir='ltr'>pie</span> <span class='ocrx_word' id='word_1_152' title='bbox 1174 1635 1267 1671; x_wconf 90' lang='lat' dir='ltr'>senio</span> <span class='ocrx_word' id='word_1_153' title='bbox 1292 1637 1467 1672; x_wconf 63' lang='lat' dir='ltr'>confectus</span> <span class='ocrx_word' id='word_1_154' title='bbox 1497 1638 1531 1672; x_wconf 91' lang='lat' dir='ltr'>in</span> <span class='ocrx_word' id='word_1_155' title='bbox 1557 1637 1705 1673; x_wconf 89' lang='lat' dir='ltr'>Domino</span> 
     </span>
     <span class='ocr_line' id='line_1_24' title="bbox 299 1698 1704 1748; baseline 0.001 -13"><span class='ocrx_word' id='word_1_156' title='bbox 299 1700 514 1741; x_wconf 80' lang='lat' dir='ltr'>obdormivit,</span> <span class='ocrx_word' id='word_1_157' title='bbox 553 1700 677 1735; x_wconf 86' lang='lat' dir='ltr'>aetatis</span> <span class='ocrx_word' id='word_1_158' title='bbox 714 1700 791 1734; x_wconf 89' lang='lat' dir='ltr'>suae</span> <span class='ocrx_word' id='word_1_159' title='bbox 833 1711 923 1733; x_wconf 93' lang='lat' dir='ltr'>anno</span> <span class='ocrx_word' id='word_1_160' title='bbox 961 1698 1165 1745; x_wconf 66' lang='lat' dir='ltr'>octogesimo</span> <span class='ocrx_word' id='word_1_161' title='bbox 1207 1699 1362 1740; x_wconf 87' lang='lat' dir='ltr'>secundo,</span> <span class='ocrx_word' id='word_1_162' title='bbox 1396 1706 1431 1735; x_wconf 91' lang='lat' dir='ltr'>et</span> <span class='ocrx_word' id='word_1_163' title='bbox 1467 1701 1521 1735; x_wconf 88' lang='lat' dir='ltr'>die</span> <span class='ocrx_word' id='word_1_164' title='bbox 1555 1704 1576 1736; x_wconf 77' lang='lat'>8</span> <span class='ocrx_word' id='word_1_165' title='bbox 1613 1701 1704 1748; x_wconf 89' lang='lat' dir='ltr'>Maij.</span> 
     </span>
     <span class='ocr_line' id='line_1_25' title="bbox 300 1761 1706 1810; baseline 0.002 -13"><span class='ocrx_word' id='word_1_166' title='bbox 300 1764 502 1799; x_wconf 86' lang='lat' dir='ltr'>Tumulatus</span> <span class='ocrx_word' id='word_1_167' title='bbox 535 1765 582 1799; x_wconf 83' lang='lat' dir='ltr'>est</span> <span class='ocrx_word' id='word_1_168' title='bbox 615 1763 864 1810; x_wconf 84' lang='lat' dir='ltr'>quinquaginta</span> <span class='ocrx_word' id='word_1_169' title='bbox 904 1761 1050 1808; x_wconf 85' lang='lat' dir='ltr'>paffibus</span> <span class='ocrx_word' id='word_1_170' title='bbox 1082 1763 1125 1797; x_wconf 88' lang='lat' dir='ltr'>ab</span> <span class='ocrx_word' id='word_1_171' title='bbox 1161 1763 1361 1810; x_wconf 83' lang='lat' dir='ltr'>Edinburgo</span> <span class='ocrx_word' id='word_1_172' title='bbox 1402 1764 1445 1798; x_wconf 91' lang='lat' dir='ltr'>ad</span> <span class='ocrx_word' id='word_1_173' title='bbox 1485 1765 1706 1801; x_wconf 87' lang='lat' dir='ltr'>meridionale</span> 
     </span>
     <span class='ocr_line' id='line_1_26' title="bbox 301 1825 1706 1874; baseline 0.002 -14"><span class='ocrx_word' id='word_1_174' title='bbox 301 1827 342 1861; x_wconf 92' lang='lat' dir='ltr'>D.</span> <span class='ocrx_word' id='word_1_175' title='bbox 371 1827 553 1862; x_wconf 83' lang='lat' dir='ltr'>Cuthberti</span> <span class='ocrx_word' id='word_1_176' title='bbox 581 1827 738 1862; x_wconf 80' lang='lat' dir='ltr'>ecclesiae</span> <span class='ocrx_word' id='word_1_177' title='bbox 763 1827 862 1865; x_wconf 83' lang='lat' dir='ltr'>latus,</span> <span class='ocrx_word' id='word_1_178' title='bbox 889 1825 948 1860; x_wconf 92' lang='lat' dir='ltr'>ubi</span> <span class='ocrx_word' id='word_1_179' title='bbox 974 1825 1132 1872; x_wconf 85' lang='lat' dir='ltr'>elogium,</span> <span class='ocrx_word' id='word_1_180' title='bbox 1158 1827 1201 1861; x_wconf 86' lang='lat' dir='ltr'>ab</span> <span class='ocrx_word' id='word_1_181' title='bbox 1226 1826 1259 1861; x_wconf 85' lang='lat' dir='ltr'>se</span> <span class='ocrx_word' id='word_1_182' title='bbox 1284 1826 1513 1873; x_wconf 87' lang='lat' dir='ltr'>compositum,</span> <span class='ocrx_word' id='word_1_183' title='bbox 1540 1827 1574 1862; x_wconf 89' lang='lat' dir='ltr'>in</span> <span class='ocrx_word' id='word_1_184' title='bbox 1602 1829 1706 1874; x_wconf 85' lang='lat' dir='ltr'>quad-</span> 
     </span>
     <span class='ocr_line' id='line_1_27' title="bbox 298 1889 936 1938; baseline 0 -14"><span class='ocrx_word' id='word_1_185' title='bbox 298 1896 374 1925; x_wconf 85' lang='lat' dir='ltr'>rato</span> <span class='ocrx_word' id='word_1_186' title='bbox 391 1891 592 1938; x_wconf 84' lang='lat' dir='ltr'>sepulchrali</span> <span class='ocrx_word' id='word_1_187' title='bbox 611 1891 723 1937; x_wconf 88' lang='lat' dir='ltr'>lapide</span> <span class='ocrx_word' id='word_1_188' title='bbox 742 1889 936 1936; x_wconf 65' lang='lat' dir='ltr'>spectatur:</span> 
     </span>
    </p>
   </div>
   <div class='ocr_carea' id='block_1_3' title="bbox 641 2001 1392 2145">
    <p class='ocr_par' dir='ltr' id='par_1_12' title="bbox 641 2001 1392 2145">
     <span class='ocr_line' id='line_1_28' title="bbox 644 2001 1373 2038; baseline -0.001 -9"><span class='ocrx_word' id='word_1_189' title='bbox 644 2002 696 2029; x_wconf 88' lang='lat' dir='ltr'>Ille</span> <span class='ocrx_word' id='word_1_190' title='bbox 711 2011 761 2038; x_wconf 86' lang='lat' dir='ltr'>ego</span> <span class='ocrx_word' id='word_1_191' title='bbox 775 2001 913 2028; x_wconf 83' lang='lat' dir='ltr'>Robertus</span> <span class='ocrx_word' id='word_1_192' title='bbox 926 2001 1078 2033; x_wconf 82' lang='lat' dir='ltr'>Pontanus,</span> <span class='ocrx_word' id='word_1_193' title='bbox 1092 2001 1122 2028; x_wconf 91' lang='lat' dir='ltr'>in</span> <span class='ocrx_word' id='word_1_194' title='bbox 1135 2001 1187 2029; x_wconf 89' lang='lat' dir='ltr'>hoc</span> <span class='ocrx_word' id='word_1_195' title='bbox 1200 2011 1283 2038; x_wconf 88' lang='lat' dir='ltr'>prope</span> <span class='ocrx_word' id='word_1_196' title='bbox 1297 2011 1373 2029; x_wconf 86' lang='lat' dir='ltr'>sacro</span> 
     </span>
     <span class='ocr_line' id='line_1_29' title="bbox 643 2054 1392 2091; baseline 0 -9"><span class='ocrx_word' id='word_1_197' title='bbox 643 2055 747 2083; x_wconf 86' lang='lat' dir='ltr'>Christi</span> <span class='ocrx_word' id='word_1_198' title='bbox 761 2055 809 2091; x_wconf 87' lang='lat' dir='ltr'>qui</span> <span class='ocrx_word' id='word_1_199' title='bbox 820 2054 928 2082; x_wconf 80' lang='lat' dir='ltr'>fueram</span> <span class='ocrx_word' id='word_1_200' title='bbox 942 2058 1034 2090; x_wconf 81' lang='lat' dir='ltr'>pastor</span> <span class='ocrx_word' id='word_1_201' title='bbox 1045 2055 1143 2091; x_wconf 81' lang='lat' dir='ltr'>gregis,</span> <span class='ocrx_word' id='word_1_202' title='bbox 1157 2054 1268 2091; x_wconf 81' lang='lat' dir='ltr'>auspice</span> <span class='ocrx_word' id='word_1_203' title='bbox 1283 2055 1392 2082; x_wconf 88' lang='lat' dir='ltr'>Christo</span> 
     </span>
     <span class='ocr_line' id='line_1_30' title="bbox 641 2108 1315 2145; baseline -0.003 -9"><span class='ocrx_word' id='word_1_204' title='bbox 641 2110 794 2136; x_wconf 83' lang='lat' dir='ltr'>Aeternam</span> <span class='ocrx_word' id='word_1_205' title='bbox 807 2108 927 2135; x_wconf 82' lang='lat' dir='ltr'>moriens</span> <span class='ocrx_word' id='word_1_206' title='bbox 941 2112 1055 2145; x_wconf 82' lang='lat' dir='ltr'>expecto</span> <span class='ocrx_word' id='word_1_207' title='bbox 1068 2117 1208 2145; x_wconf 78' lang='lat' dir='ltr'>resurgere</span> <span class='ocrx_word' id='word_1_208' title='bbox 1221 2108 1315 2135; x_wconf 84' lang='lat' dir='ltr'>vitam.</span> 
     </span>
    </p>
   </div>
   <div class='ocr_carea' id='block_1_4' title="bbox 303 2208 1707 2319">
    <p class='ocr_par' dir='ltr' id='par_1_13' title="bbox 303 2208 1707 2319">
     <span class='ocr_line' id='line_1_31' title="bbox 304 2208 1707 2260; baseline 0.001 -14"><span class='ocrx_word' id='word_1_209' title='bbox 304 2212 436 2246; x_wconf 78' lang='lat' dir='ltr'>claruit</span> <span class='ocrx_word' id='word_1_210' title='bbox 460 2211 520 2246; x_wconf 88' lang='lat' dir='ltr'>sub</span> <span class='ocrx_word' id='word_1_211' title='bbox 540 2211 672 2245; x_wconf 83' lang='lat' dir='ltr'>Jacobo</span> <span class='ocrx_word' id='word_1_212' title='bbox 696 2211 822 2251; x_wconf 86' lang='lat' dir='ltr'>Primo,</span> <span class='ocrx_word' id='word_1_213' title='bbox 848 2211 919 2256; x_wconf 87' lang='lat' dir='ltr'>ejus</span> <span class='ocrx_word' id='word_1_214' title='bbox 940 2209 1099 2249; x_wconf 84' lang='lat' dir='ltr'>maxime,</span> <span class='ocrx_word' id='word_1_215' title='bbox 1123 2214 1158 2243; x_wconf 87' lang='lat' dir='ltr'>et</span> <span class='ocrx_word' id='word_1_216' title='bbox 1178 2208 1324 2244; x_wconf 85' lang='lat' dir='ltr'>aliorum</span> <span class='ocrx_word' id='word_1_217' title='bbox 1345 2208 1568 2251; x_wconf 80' lang='lat' dir='ltr'>literatorum,</span> <span class='ocrx_word' id='word_1_218' title='bbox 1591 2211 1707 2260; x_wconf 83' lang='lat' dir='ltr'>insigni</span> 
     </span>
     <span class='ocr_line' id='line_1_32' title="bbox 303 2274 725 2319; baseline -0.005 -10"><span class='ocrx_word' id='word_1_219' title='bbox 303 2274 501 2310; x_wconf 84' lang='lat' dir='ltr'>Maecenate</span> <span class='ocrx_word' id='word_1_220' title='bbox 520 2279 553 2308; x_wconf 85' lang='lat' dir='ltr'>et</span> <span class='ocrx_word' id='word_1_221' title='bbox 571 2279 725 2319; x_wconf 85' lang='lat' dir='ltr'>patrono.</span> 
     </span>
    </p>
   </div>
  </div>
 </body>
</html>
