1913 2692
246 196 307 225 118
650 193 711 223 DE
737 193 1067 224 SCRIP'I'ORIBUS
1092 194 1253 224 SCOTIS.

247 296 345 320 arum
375 284 538 325 lectioni3
570 284 661 318 unde
692 283 839 318 succefl'u
867 285 1030 330 temporis
1059 285 1216 332 egregius
1243 291 1277 319 et
1307 285 1416 320 fidelis
1446 286 1510 320 Dei
1541 287 1658 322 vineae

249 349 389 384 colonus
421 348 558 394 prodiit,
595 347 731 394 ejusque
763 347 856 394 piam
889 348 1115 384 intentionem
1150 350 1239 384 bono
1273 355 1307 383 et
1341 349 1501 395 prospero
1535 356 1659 385 eventu

247 413 444 448 secundavit
479 412 582 446 Deus.
645 411 797 445 Tandem
826 417 965 446 vocatus
999 413 1044 447 est
1077 413 1120 447 ad
1154 413 1331 448 doctrinae
1365 413 1515 448 caelestis
1548 414 1661 460 capita

246 477 281 511 in
312 474 576 521 Edinburgenfis
601 474 695 508 urbis
721 474 850 520 templo
877 475 1086 520 explicanda,
1108 477 1166 510 ubi
1193 477 1237 511 ad
1265 476 1396 522 aliquot
1423 489 1538 517 annos,
1563 479 1661 512 recta

249 540 402 575 docendo
427 538 590 585 falsaque
604 538 800 578 refellendo,
823 550 964 573 munere
990 538 1049 573 suo
1073 540 1180 585 probe
1204 540 1414 585 perfunctus,
1437 553 1577 587 gregem
1602 540 1660 575 fibi

252 602 463 638 commissum
497 602 682 642 nutriebat,
719 602 914 642 instruebat,
947 607 982 636 et
1015 603 1231 637 custodiebat.
1306 603 1369 636 Vir
1403 603 1540 649 pietate,
1582 616 1662 650 pru-

249 667 375 707 dentia,
405 666 572 706 doctrina,
605 670 640 700 et
667 665 702 700 in
732 666 834 700 rebus
860 665 1000 711 agendis
1030 666 1236 701 dexteritate
1266 665 1411 712 insignis,
1436 667 1472 701 in
1496 667 1661 702 librorum

251 730 399 765 lezffione
429 728 585 769 affiduus‚
621 729 819 764 inexhausto
849 729 975 769 labore,
1010 729 1171 765 indefessa
1200 730 1385 776 diligentia,
1414 730 1449 764 in
1479 730 1663 776 Scripturis

249 794 374 829 sanctis
408 806 428 828 a
460 793 609 839 pueritia
638 792 886 828 studiofiffimus
918 798 954 827 et
982 794 1129 829 multum
1159 794 1323 834 cruditus,
1358 799 1461 839 atque
1490 794 1526 828 in
1555 794 1664 840 philo-

250 858 367 904 sophia
401 857 709 904 Peripateticorum
744 857 801 890 vix
835 856 936 891 alicui
969 857 1029 892 suo
1061 863 1216 904 tempore
1253 858 1344 904 apud
1382 857 1664 903 Edinburgenses

251 923 424 957 secundus.
492 922 634 968 Ingenio
664 921 766 961 mitis,
800 921 953 956 sermone
991 921 1098 956 dulcis
1131 926 1166 956 et
1203 920 1414 967 compositus,
1449 932 1518 955 non
1551 921 1664 955 minus

251 987 322 1022 vita
354 999 456 1033 quan]
490 986 631 1021 scientia
662 986 895 1020 reverendus:
928 985 962 1019 in
997 985 1184 1019 enodandis
1217 985 1468 1031 quaestionibus
1496 984 1666 1030 Scriptur-

252 1063 351 1085 arum
385 1049 574 1096 disputator
614 1049 809 1089 acerrimus,
843 1061 960 1083 rerum
993 1048 1187 1083 sublimium
1221 1053 1256 1083 et
1289 1048 1482 1083 caelestium
1516 1052 1666 1081 contem-

253 1113 396 1159 plationi
423 1112 566 1147 mirifice
598 1112 742 1147 deditus.
793 1111 932 1158 Scripsit
961 1115 1139 1157 praeterea
1168 1111 1337 1156 quaedam
1365 1110 1541 1156 praeclara
1570 1109 1667 1156 opus-

255 1177 331 1212 cula
358 1177 399 1211 de
427 1176 550 1210 divinis
579 1176 762 1222 praecipue
786 1175 979 1222 Scripturis,
1004 1174 1127 1220 quibus
1158 1185 1282 1208 nomen
1312 1173 1406 1208 suum
1435 1174 1478 1208 ad
1508 1173 1666 1208 notitiam

257 1240 463 1287 posteritatis
479 1239 660 1274 transmisit
678 1252 686 1279 3
712 1239 802 1274 inter
819 1244 963 1278 caetera,

401 1304 589 1339 Conciones
607 1303 758 1338 eruditas
775 1303 810 1337 in
826 1308 937 1337 totam
954 1302 1024 1336 fere
1043 1300 1276 1347 Apocalypsin.

403 1369 509 1403 Sacra
526 1368 693 1402 Poemata
710 1367 752 1401 de
770 1366 872 1402 variis
889 1366 972 1400 locis
989 1365 1196 1412 Scripturae.

402 1430 519 1466 Vitam
538 1430 562 1463 J
564 1429 683 1464 oannis
700 1429 839 1464 Knoxii.

260 1495 305 1530 Et
347 1494 414 1529 alia
454 1494 604 1540 plurima
644 1493 771 1528 chartis
812 1491 985 1528 commisit.
1052 1492 1185 1527 Floruit
1222 1503 1312 1526 anno
1345 1492 1514 1527 humanae
1555 1491 1671 1526 salutis

260 1563 438 1605 reparatae
458 1559 561 1598 1588,
580 1557 662 1592 dum
679 1557 770 1603 apud
788 1557 907 1591 Scotos
924 1556 960 1591 in
976 1554 1073 1602 regni
1090 1554 1172 1590 solio
1189 1554 1321 1590 sederet
1337 1555 1487 1590 Jacobus
1505 1554 1638 1589 Sextus.

709 1700 772 1735 DE
797 1699 981 1734 JOANNE
1007 1698 1223 1733 LESLAEO.

264 1814 432 1848 ‚IOANNES
460 1800 657 1851 Las-,nima
686 1811 872 1858 Episcopus
900 1809 1075 1849 Roffenfis‚
1105 1809 1244 1844 natione
1273 1809 1405 1849 Scotus,
1436 1821 1480 1845 ex
1509 1809 1615 1844 nobili
1640 1814 1673 1843 et

267 1877 459 1923 pervetusta
485 1876 700 1911 Lessaeorum
729 1875 859 1910 familia
885 1875 1057 1915 oriundus,
1085 1874 1121 1908 in
1143 1874 1326 1920 juventute
1356 1874 1454 1908 bonis
1483 1873 1592 1908 literis
1625 1873 1675 1907 in-

268 1941 424 1981 structu&
466 1940 699 1987 philosophica
740 1939 912 1973 inchoavit
952 1937 1059 1973 studia
1092 1937 1127 1972 in
1162 1937 1275 1972 schola
1311 1937 1431 1984 patria,
1467 1938 1510 1972 ad
1543 1938 1675 1972 Fanum

269 2004 394 2039 scilicet
425 2005 458 2038 S.
486 2004 653 2038 Andreae.
708 2003 828 2038 Postea
848 2002 885 2036 in
910 2001 1058 2036 Galliam
1080 2001 1324 2041 transfretavit,
1352 2001 1411 2036 ubi
1436 2001 1471 2035 in
1496 1999 1677 2036 academiis

270 2068 509 2108 celeberrimis,
540 2066 742 2114 [Parifienfi‚
769 2064 980 2106 Pictavienfi,
1007 2070 1042 2100 et
1063 2064 1254 2109 Tolosana,]
1278 2064 1384 2099 studia
1408 2064 1600 2110 interrupta
1625 2075 1677 2097 re-

272 2131 396 2177 petiit:
432 2131 510 2165 inde
545 2131 692 2165 Romam
723 2129 766 2164 ad
795 2129 1003 2175 theologiam
1032 2129 1238 2164 audiendam
1271 2127 1385 2163 miffus
1412 2128 1466 2163 est.
1526 2128 1676 2162 Tandem

273 2195 316 2228 ad
342 2195 492 2229 Scotiain
519 2195 611 2229 suam
637 2193 799 2233 reversus,
826 2193 921 2227 varia
947 2192 1086 2227 subinde
1112 2193 1147 2227 in
1175 2192 1310 2227 ecclelia
1336 2192 1452 2226 obibat
1483 2191 1609 2231 munia,
1639 2196 1677 2225 ut

274 2258 341 2303 ipse
369 2258 411 2291 de
442 2258 473 2293 se
504 2259 646 2293 testatur
682 2257 718 2292 in
747 2255 924 2291 Paraenefi
958 2257 1001 2291 ad
1035 2257 1199 2291 Proceres
1224 2256 1462 2302 Populumque
1496 2255 1678 2292 Scoticum,
