1913 2692
576 252 638 281 DE
679 251 1011 283 SCRIPTORIBUS
1049 253 1210 284 SCOTIS.
1591 260 1631 298 17

214 346 318 380 tutus,
363 341 452 375 unde
490 341 665 387 progreffu
695 342 860 388 temporis
893 343 1012 377 rhetor
1050 343 1186 391 insignis
1220 344 1330 382 evasit,
1374 352 1408 381 et
1451 348 1624 394 utriusque

214 405 358 450 linguae,
386 410 420 440 et
448 405 600 440 Graecae
627 411 661 440 et
687 406 838 447 Latinae,
864 406 1090 453 peritissimus,
1114 409 1200 443 adeo
1223 415 1262 444 ut
1292 410 1423 456 saepius
1446 412 1536 457 apud
1563 413 1626 447 Ca-

213 469 324 503 rolum
360 469 527 510 Quintum
568 469 809 516 imperatorem
848 476 883 505 et
925 471 1009 506 alios
1046 472 1253 507 Christianos
1291 474 1461 520 principes
1497 474 1626 510 summa

213 545 290 567 cum
317 534 523 568 dexteritate
540 534 686 569 oratoris
703 546 828 569 munus
846 536 966 570 obiret.
1019 536 1156 582 Scripsit

357 598 487 632 Contra
504 598 700 632 Calumnias
718 598 887 633 Cochlaei.

357 663 551 708 Apomaxin
568 675 630 709 pro
649 663 754 709 Rege,
773 664 829 698 lib.
850 674 871 698 1.

358 727 410 762 De
429 728 571 762 Damnis
589 740 631 762 ex
650 728 861 767 Rebellione,
880 728 937 763 lib.
956 738 978 762 1.

358 791 524 826 Remedia
541 798 660 826 contra
677 792 898 833 Seditionem,
917 792 972 826 lib.
992 802 1015 826 1.

356 855 424 888 Pro
443 855 582 889 Tuenda
600 855 725 890 Patria.

358 918 528 953 Adversus
546 918 790 958 Proditionem,
809 918 866 953 lib.
885 929 908 952 1.

359 982 541 1016 Historiam
560 983 691 1016 Rerum
708 982 877 1028 gestarum
896 982 1047 1022 Hem-ici,
1066 983 1123 1017 lib.
1143 993 1165 1016 1.

357 1045 521 1092 Epistolas
538 1046 582 1081 ad
599 1046 756 1080 diversos.

213 1110 393 1145 Transtulit
412 1110 446 1144 in
465 1110 648 1156 Anglicum
666 1109 865 1149 sermonem,

357 1174 519 1220 Symbola
536 1173 699 1208 Ludovici
718 1173 821 1208 Vivis.

358 1239 611 1284 Stratagemata
629 1237 733 1272 etiam
751 1237 931 1277 transtulit,

212 1311 315 1350 atque
349 1303 415 1337 alia
448 1302 566 1341 multa,
599 1301 751 1336 nondum
786 1301 821 1335 in
851 1302 963 1336 lucem
994 1303 1094 1338 edita.
1156 1303 1210 1337 Ex
1244 1304 1345 1339 Italia
1378 1305 1521 1343 rediens,
1550 1318 1626 1352 per-

213 1368 305 1402 venit
343 1368 622 1413 Argentoratum,
665 1378 755 1400 anno
794 1366 933 1400 Domini
966 1369 1068 1407 1556,
1100 1368 1172 1414 [et]
1207 1369 1249 1404 17
1285 1369 1339 1403 die
1376 1370 1492 1404 Martii
1530 1371 1623 1409 obiit,

214 1433 294 1466 dum
313 1444 374 1478 per
391 1432 637 1478 gubernatores
655 1435 689 1465 et
707 1430 896 1476 interreges
914 1430 1030 1465 Scotia
1046 1432 1307 1477 gubernaretur.

649 1574 712 1609 DE
736 1574 922 1609 JOANNE
948 1573 1166 1609 LESLAEO.

214 1692 383 1725 JOANNES
405 1689 604 1728 LESLAEUs‚
621 1698 748 1733 genere
771 1692 806 1721 et
829 1687 967 1722 natione
989 1686 1121 1726 Scotus,
1148 1698 1190 1721 ex
1214 1687 1320 1722 nobili
1350 1693 1384 1722 et
1413 1689 1628 1734 praevetusta

216 1754 429 1789 Lessaeorum
457 1752 587 1788 familia
617 1751 784 1797 originem
818 1751 955 1790 ducens,
986 1755 1061 1784 erat
1090 1749 1160 1796 ipse
1189 1756 1265 1785 tum
1295 1763 1421 1798 genere
1450 1752 1562 1787 clarus
1591 1758 1626 1787 et

215 1818 415 1856 eruditione,
450 1815 509 1850 nisi
545 1816 636 1862 quod
666 1814 767 1849 nimis
796 1814 979 1861 pontificiis
1015 1813 1139 1848 ritibus
1169 1814 1313 1850 deditus.
1375 1816 1415 1850 In
1443 1816 1627 1862 juventute

214 1888 396 1930 parentum
435 1892 518 1914 cura
550 1879 606 1926 pie
643 1885 677 1913 et
710 1879 817 1925 probe
851 1878 1024 1918 educatus,
1058 1877 1233 1925 progrefl'u
1266 1880 1431 1926 temporis
1467 1880 1552 1915 adeo
1592 1881 1625 1915 in

215 1947 389 1994 theologia
417 1944 570 1992 profecit,
610 1948 649 1978 ut
681 1943 725 1978 ad
760 1943 990 1989 episcopatum
1026 1941 1222 1978 Roffensem
1255 1942 1295 1978 fit
1330 1945 1479 1979 evee‘ms.
1542 1945 1627 1979 Erat

217 2013 321 2047 etiam
355 2010 485 2045 Mariae
520 2008 674 2055 Reginae
703 2021 724 2043 a
751 2008 899 2047 secretis,
933 2007 1116 2053 aliquoties
1149 2013 1266 2042 orator
1302 2007 1526 2044 sereniffimae
1566 2010 1632 2044 Re-

215 2078 314 2124 ginae
332 2074 563 2110 Elizabethae.
614 2073 767 2107 Tandem
785 2072 933 2107 Romam
949 2070 1124 2118 religionis
1140 2083 1222 2118 ergo
1239 2071 1348 2118 petiit.
1400 2073 1537 2119 Scripsit

360 2138 477 2174 Animi
491 2136 619 2172 Afflicti
636 2136 899 2175 Consolationes,
918 2135 974 2170 lib.
994 2145 1017 2169 1.

359 2202 475 2237 Animi
493 2199 683 2246 Tranquilli
701 2199 876 2239 Remedia,
895 2199 949 2233 lib.
970 2209 992 2232 1.

360 2267 412 2301 De
430 2266 580 2312 Origine,
598 2264 762 2303 Moribus,
781 2269 815 2298 et
833 2263 942 2298 Gestis
959 2263 1149 2302 Scotorum,
1168 2262 1224 2296 lib.
1243 2273 1279 2297 x.

361 2331 428 2364 Pro
445 2330 530 2364 Jure
550 2327 756 2364 Sereniflimi
775 2327 880 2373 Regis
896 2327 1019 2362 Jacobi
1037 2326 1142 2361 Sexti.

1506 2388 1529 2411 1»
