1913 2692
614 212 676 242 DE
713 212 1050 244 SCRIPTORIBUS
1086 214 1250 246 SCOTIS.
1601 224 1640 252 55

235 303 406 338 sinceritas
438 308 473 337 et
506 301 715 348 suspicienda
743 303 863 348 pietas.
926 303 1011 339 Erat
1038 309 1156 339 autem
1185 317 1206 341 a
1235 307 1424 352 puerilibus
1452 310 1550 345 annis
1578 313 1647 357 pie-

230 368 312 403 tatis
335 366 540 402 excolendae
566 365 674 400 studio
696 365 950 406 addjetiflimus‚
974 372 1009 403 et
1033 369 1079 403 ad
1104 370 1224 405 mundi
1251 377 1486 418 contemptum
1509 386 1644 420 pronus.

234 430 438 466 Adolescens
479 429 595 476 itaque
635 430 876 465 monasterium
920 431 1121 478 ingreditur,
1167 435 1225 469 ubi
1265 447 1343 470 cum
1382 436 1577 472 defideratis
1612 446 1645 474 et

231 494 420 541 concupitis
456 493 595 540 pietatis
628 494 839 529 exercendae
879 495 1002 537 studiis,
1037 502 1072 532 et
1114 498 1227 533 sacrae
1264 500 1406 535 le6tioni
1450 502 1643 537 divinorum

231 559 453 599 voluminum,
479 563 514 593 et
539 558 686 593 aliorum
713 560 896 594 auctorum
924 561 1219 598 lucubrationibus
1245 563 1393 610 vigilem,
1419 565 1579 605 sedulam,
1611 574 1645 602 et

231 621 426 658 indefessam
459 627 602 657 navaret
641 634 790 669 operam,
827 636 987 670 magnam
1022 625 1100 661 sane
1136 632 1170 662 et
1210 627 1351 663 minime
1391 630 1567 676 vulgarem
1610 632 1644 665 in

229 686 422 721 eruditione
451 690 485 720 et
512 686 641 732 pietate
667 685 803 732 frugem
830 692 865 721 et
892 689 1085 733 profectum
1112 691 1214 732 fecit;
1244 704 1391 738 cumque
1417 693 1498 728 effet
1522 701 1645 730 natura

230 751 405 790 facundus,
449 749 665 795 eloquentiae
703 749 912 791 facultatem,
954 754 1061 788 nativi
1102 755 1273 790 idiomatis
1307 757 1525 803 expolitione,
1559 760 1644 795 mire

231 815 430 850 exornabat.
498 813 670 860 Populum
698 813 785 848 serio
814 814 998 862 seduloque
1028 819 1130 853 officii
1163 820 1380 861 admonebat,
1410 821 1512 868 idque
1546 829 1644 859 tanto

231 879 349 914 utilius
376 883 411 912 et
441 877 619 917 efficacius,
648 877 740 923 quod
767 878 904 924 publico
934 879 1128 927 inculpatae
1154 883 1245 918 vitae
1270 884 1463 919 testimonio
1487 886 1644 933 semetip-

230 943 303 977 sum
328 941 515 977 imitandae
537 941 676 987 pietatis
705 942 882 988 exemplar
906 951 1123 990 proponeret.
1175 946 1272 987 Quae
1302 948 1417 983 omnia
1444 961 1522 984 cum
1549 950 1644 985 inno-

229 1005 368 1041 tuiffent
395 1004 560 1040 fratribus
588 1004 791 1045 monasterii,
822 1006 934 1052 primo
965 1019 1045 1043 eum
1079 1021 1141 1055 per
1175 1010 1410 1047 eccleliasticos
1441 1013 1568 1059 gradus
1601 1016 1644 1048 ad

229 1070 480 1117 presbyteratus
510 1068 669 1109 officium,
699 1069 858 1114 precibus
893 1071 1085 1113 ascendere,
1116 1073 1239 1109 deinde
1268 1075 1418 1121 ejusdem
1450 1078 1642 1113 monasterii

227 1135 481 1182 praefecturam
506 1145 626 1180 gerere
652 1139 848 1179 coegerunt.
910 1136 1026 1176 Quum
1051 1149 1133 1172 vero
1158 1150 1281 1184 parum
1305 1140 1396 1186 apud
1419 1139 1495 1176 suos
1517 1140 1644 1177 affidua

228 1197 482 1245 praedicatione
512 1196 668 1232 ecclefiae
698 1197 843 1239 causam,
874 1198 909 1232 in
938 1199 1063 1235 ritibus
1095 1200 1186 1236 hisce
1219 1203 1326 1243 novis,
1358 1203 1533 1245 Paschate,
1568 1210 1644 1240 ton-

226 1263 312 1303 sura,
337 1267 372 1297 et
397 1261 569 1301 fimilibus,
594 1260 822 1307 promoviffet,
849 1263 1097 1299 deliberatione
1121 1265 1315 1301 discedendi
1341 1267 1442 1308 facta,
1469 1280 1548 1303 cum
1576 1269 1643 1304 suis

227 1327 332 1367 sociis,
353 1326 566 1361 Colomanno
589 1325 795 1371 prelbytero,
819 1326 1012 1361 Totmanno
1032 1328 1153 1363 Levita
1177 1334 1212 1364 et
1241 1329 1393 1370 diacono,
1422 1332 1507 1366 urbe
1533 1333 1642 1378 egres-

227 1392 289 1431 sus,
313 1391 425 1437 primo
448 1389 587 1436 quidem
608 1389 644 1424 in
666 1389 866 1424 viciniorem
889 1390 1065 1436 regionem
1091 1392 1263 1439 Angliam,
1290 1395 1404 1440 postea
1425 1395 1460 1429 in
1482 1396 1640 1436 Galliam,

224 1467 265 1490 ac
299 1454 440 1490 tandem
473 1453 509 1488 in
542 1453 774 1494 Germaniam,
810 1460 845 1488 et
878 1454 922 1489 ad
955 1455 1121 1491 Franciae
1155 1457 1332 1493 orientalis
1365 1460 1487 1493 urbem
1517 1459 1641 1495 Herbi-

226 1519 340 1565 polim,
375 1529 462 1564 quae
496 1522 531 1552 et-
560 1517 628 1552 alio
662 1517 799 1551 nomine
835 1517 1046 1565 Wurtzburg
1078 1519 1213 1561 dicitur,
1250 1521 1363 1556 locum
1402 1521 1463 1557 fibi
1500 1523 1641 1558 destina-

224 1589 299 1618 tum
328 1581 494 1629 pervenit.
559 1581 627 1616 Sed
656 1586 773 1616 tamen
807 1581 1072 1627 praedicationis
1101 1583 1241 1618 interim
1268 1585 1438 1626 abstinuit,
1468 1586 1576 1621 donec
1606 1588 1640 1622 in

225 1647 419 1693 episcopum
453 1645 676 1685 consecratus,
711 1645 832 1691 majori
869 1657 948 1679 cum
983 1646 1192 1682 auctoritate
1228 1648 1444 1696 Herbipolim
1486 1652 1640 1686 reversus

225 1710 447 1756 praedicaret.
508 1709 564 1744 Ad
593 1709 767 1744 civitatem
797 1714 914 1743 autem
944 1709 1038 1744 illam
1068 1711 1284 1752 Germaniae,
1314 1714 1358 1748 ad
1386 1714 1550 1749 Moenmn
1581 1728 1640 1750 no-

225 1772 420 1809 biliffimum
445 1785 581 1808 amnem
605 1771 713 1811 fitam,
739 1771 894 1807 reversus
919 1772 1078 1809 Kilianus
1101 1786 1179 1809 cum
1204 1776 1390 1821 praedictis
1414 1776 1519 1817 sociis,
1547 1784 1639 1813 vete-

225 1850 301 1872 rum
327 1825 546 1872 ecelesiarum
573 1836 834 1871 consuetudines
859 1836 969 1871 sacras
994 1836 1030 1871 in
1054 1838 1228 1873 Romanas
1255 1840 1479 1876 caerimonias
1504 1849 1638 1878 mutare

224 1901 401 1937 laboravit.
469 1901 515 1935 Et
547 1913 626 1935 eum
659 1900 791 1935 videret
825 1899 1030 1936 Golbertum
1063 1902 1197 1949 regium
1230 1904 1444 1949 praefectum
1477 1908 1569 1952 apud
1606 1908 1637 1942 le

223 1972 341 2000 tenere
372 1964 488 1999 uxoris
518 1964 593 1998 loco
623 1963 740 1999 fratris
773 1963 822 1998 sui
851 1965 1031 2011 conjugem
1065 1966 1254 2005 Geilanam‚
1289 1974 1446 2004 amanter
1478 1971 1635 2016 primum,

224 2029 379 2064 acerbius
404 2028 526 2075 postea,
557 2028 654 2062 illum
685 2028 720 2062 in
748 2028 813 2063 Dei
844 2029 949 2062 verbo
980 2029 1196 2066 admonebat.
1248 2032 1349 2073 Quod
1382 2045 1460 2068 cum
1495 2035 1637 2071 odorata

224 2092 306 2127 effet
332 2093 484 2131 Geilana‚
514 2092 630 2127 furore
660 2091 807 2131 accensa,
834 2091 1011 2127 Kilianum
1045 2099 1080 2128 et
1113 2094 1218 2130 socios
1251 2095 1397 2131 interfici
1430 2100 1635 2143 procuravit,

224 2164 258 2191 et
292 2169 411 2192 eorum
444 2168 597 2203 corpora,
633 2168 676 2191 ne
709 2156 840 2191 saetam
874 2156 1044 2202 proderet,
1079 2170 1148 2193 una
1181 2171 1259 2194 cum
1293 2159 1388 2196 libris
1422 2167 1457 2196 et
1492 2163 1635 2211 vestibus

225 2221 284 2256 sub
301 2226 393 2256 terra
411 2220 579 2256 abscondi.
630 2219 847 2256 Contexuiss'e
864 2220 973 2255 fertur

369 2286 497 2320 Contra
514 2284 712 2331 peregrinos
730 2284 830 2319 Ritos
846 2296 886 2320 ac
903 2284 1025 2320 Cultus
1042 2285 1176 2320 librum.
