<?xml version="1.0" encoding="UTF-8"?>
<!DOCTYPE html PUBLIC "-//W3C//DTD XHTML 1.0 Transitional//EN"
    "http://www.w3.org/TR/xhtml1/DTD/xhtml1-transitional.dtd">
<html xmlns="http://www.w3.org/1999/xhtml" xml:lang="en" lang="en">
 <head>
  <title>
</title>
<meta http-equiv="Content-Type" content="text/html;charset=utf-8" />
  <meta name='ocr-system' content='tesseract 3.04.00' />
  <meta name='ocr-capabilities' content='ocr_page ocr_carea ocr_par ocr_line ocrx_word'/>
</head>
<body>
  <div class='ocr_page' id='page_1' title='image "./davidisbuchanani00bann_0141.png"; bbox 0 0 1913 2692; ppageno 0'>
   <div class='ocr_carea' id='block_1_1' title="bbox 680 234 1679 268">
    <p class='ocr_par' dir='ltr' id='par_1_1' title="bbox 680 234 1679 268">
     <span class='ocr_line' id='line_1_1' title="bbox 680 234 1679 268; baseline 0.002 -3"><span class='ocrx_word' id='word_1_1' title='bbox 680 236 742 266; x_wconf 81' lang='lat' dir='ltr'>DE</span> <span class='ocrx_word' id='word_1_2' title='bbox 767 234 1099 266; x_wconf 80' lang='lat' dir='ltr'>SCRIPTORIBUS</span> <span class='ocrx_word' id='word_1_3' title='bbox 1124 234 1285 265; x_wconf 82' lang='lat' dir='ltr'>SCOTIS.</span> <span class='ocrx_word' id='word_1_4' title='bbox 1619 236 1679 268; x_wconf 84' lang='lat'>119</span> 
     </span>
    </p>
   </div>
   <div class='ocr_carea' id='block_1_2' title="bbox 273 323 1699 2419">
    <p class='ocr_par' dir='ltr' id='par_1_2' title="bbox 273 323 1699 1907">
     <span class='ocr_line' id='line_1_2' title="bbox 273 323 1692 372; baseline -0.004 -7"><span class='ocrx_word' id='word_1_5' title='bbox 273 331 326 365; x_wconf 82' lang='lat' dir='ltr'>his</span> <span class='ocrx_word' id='word_1_6' title='bbox 361 329 495 364; x_wconf 76' lang='lat' dir='ltr'>verbis:</span> <span class='ocrx_word' id='word_1_7' title='bbox 533 333 550 346; x_wconf 79' lang='grc'><strong>“</strong></span> <span class='ocrx_word' id='word_1_8' title='bbox 569 328 657 362; x_wconf 86' lang='lat' dir='ltr'>Cum</span> <span class='ocrx_word' id='word_1_9' title='bbox 685 326 800 360; x_wconf 87' lang='lat' dir='ltr'>divina</span> <span class='ocrx_word' id='word_1_10' title='bbox 828 325 1044 372; x_wconf 59' lang='lat' dir='ltr'>providentia</span> <span class='ocrx_word' id='word_1_11' title='bbox 1076 325 1207 359; x_wconf 64' lang='lat' dir='ltr'>saetam</span> <span class='ocrx_word' id='word_1_12' title='bbox 1242 323 1333 365; x_wconf 77' lang='lat' dir='ltr'>effet,</span> <span class='ocrx_word' id='word_1_13' title='bbox 1370 330 1407 359; x_wconf 88' lang='lat' dir='ltr'>ut</span> <span class='ocrx_word' id='word_1_14' title='bbox 1441 325 1557 371; x_wconf 84' lang='lat' dir='ltr'>aliqua</span> <span class='ocrx_word' id='word_1_15' title='bbox 1590 327 1692 361; x_wconf 88' lang='lat' dir='ltr'>nostri</span> 
     </span>
     <span class='ocr_line' id='line_1_3' title="bbox 274 387 1692 441; baseline -0.004 -12"><span class='ocrx_word' id='word_1_16' title='bbox 274 394 390 441; x_wconf 87' lang='lat' dir='ltr'>populi</span> <span class='ocrx_word' id='word_1_17' title='bbox 417 392 616 428; x_wconf 83' lang='lat' dir='ltr'>moderandi</span> <span class='ocrx_word' id='word_1_18' title='bbox 646 390 801 437; x_wconf 83' lang='lat' dir='ltr'>potestas,</span> <span class='ocrx_word' id='word_1_19' title='bbox 833 389 917 424; x_wconf 83' lang='lat' dir='ltr'>mihi</span> <span class='ocrx_word' id='word_1_20' title='bbox 947 389 1032 424; x_wconf 85' lang='lat' dir='ltr'>nihil</span> <span class='ocrx_word' id='word_1_21' title='bbox 1061 387 1198 423; x_wconf 82' lang='lat' dir='ltr'>fortaffe</span> <span class='ocrx_word' id='word_1_22' title='bbox 1229 389 1385 429; x_wconf 86' lang='lat' dir='ltr'>merenti,</span> <span class='ocrx_word' id='word_1_23' title='bbox 1417 389 1451 423; x_wconf 94' lang='lat' dir='ltr'>in</span> <span class='ocrx_word' id='word_1_24' title='bbox 1483 389 1552 436; x_wconf 81' lang='lat' dir='ltr'>ipsa</span> <span class='ocrx_word' id='word_1_25' title='bbox 1582 390 1692 424; x_wconf 79' lang='lat' dir='ltr'>statim</span> 
     </span>
     <span class='ocr_line' id='line_1_4' title="bbox 273 453 1693 500; baseline -0.004 -7"><span class='ocrx_word' id='word_1_26' title='bbox 273 457 499 493; x_wconf 83' lang='lat' dir='ltr'>adolescentia</span> <span class='ocrx_word' id='word_1_27' title='bbox 526 456 729 495; x_wconf 83' lang='lat' dir='ltr'>traderetur,</span> <span class='ocrx_word' id='word_1_28' title='bbox 764 466 804 489; x_wconf 84' lang='lat' dir='ltr'>ac</span> <span class='ocrx_word' id='word_1_29' title='bbox 833 454 1040 500; x_wconf 77' lang='lat' dir='ltr'>procedente</span> <span class='ocrx_word' id='word_1_30' title='bbox 1068 453 1209 488; x_wconf 84' lang='lat' dir='ltr'>tandem</span> <span class='ocrx_word' id='word_1_31' title='bbox 1243 458 1356 488; x_wconf 85' lang='lat' dir='ltr'>aetate</span> <span class='ocrx_word' id='word_1_32' title='bbox 1390 465 1516 488; x_wconf 76' lang='lat' dir='ltr'>munus</span> <span class='ocrx_word' id='word_1_33' title='bbox 1549 453 1598 488; x_wconf 83' lang='lat' dir='ltr'>ita</span> <span class='ocrx_word' id='word_1_34' title='bbox 1633 465 1693 488; x_wconf 85' lang='lat' dir='ltr'>au-</span> 
     </span>
     <span class='ocr_line' id='line_1_5' title="bbox 273 517 1693 568; baseline -0.003 -12"><span class='ocrx_word' id='word_1_35' title='bbox 273 527 413 568; x_wconf 77' lang='lat' dir='ltr'>geretur</span> <span class='ocrx_word' id='word_1_36' title='bbox 439 532 590 561; x_wconf 85' lang='lat' dir='ltr'>munere,</span> <span class='ocrx_word' id='word_1_37' title='bbox 626 525 665 554; x_wconf 90' lang='lat' dir='ltr'>ut</span> <span class='ocrx_word' id='word_1_38' title='bbox 698 518 840 554; x_wconf 85' lang='lat' dir='ltr'>ultimus</span> <span class='ocrx_word' id='word_1_39' title='bbox 874 517 1006 563; x_wconf 79' lang='lat' dir='ltr'>semper</span> <span class='ocrx_word' id='word_1_40' title='bbox 1032 517 1138 557; x_wconf 85' lang='lat' dir='ltr'>labor,</span> <span class='ocrx_word' id='word_1_41' title='bbox 1173 517 1233 563; x_wconf 88' lang='lat' dir='ltr'>qui</span> <span class='ocrx_word' id='word_1_42' title='bbox 1267 517 1342 552; x_wconf 86' lang='lat' dir='ltr'>aliis</span> <span class='ocrx_word' id='word_1_43' title='bbox 1377 518 1488 552; x_wconf 85' lang='lat' dir='ltr'>honor</span> <span class='ocrx_word' id='word_1_44' title='bbox 1522 517 1631 552; x_wconf 85' lang='lat' dir='ltr'>videri</span> <span class='ocrx_word' id='word_1_45' title='bbox 1660 524 1693 552; x_wconf 79' lang='lat' dir='ltr'>et</span> 
     </span>
     <span class='ocr_line' id='line_1_6' title="bbox 274 581 1695 630; baseline -0.004 -10"><span class='ocrx_word' id='word_1_46' title='bbox 274 586 337 620; x_wconf 77' lang='lat' dir='ltr'>dic-¹</span> <span class='ocrx_word' id='word_1_47' title='bbox 378 585 470 626; x_wconf 76' lang='lat' dir='ltr'>solet,</span> <span class='ocrx_word' id='word_1_48' title='bbox 505 585 549 619; x_wconf 89' lang='lat' dir='ltr'>ad</span> <span class='ocrx_word' id='word_1_49' title='bbox 585 584 782 630; x_wconf 74' lang='lat' dir='ltr'>sequentem</span> <span class='ocrx_word' id='word_1_50' title='bbox 816 588 851 616; x_wconf 90' lang='lat' dir='ltr'>et</span> <span class='ocrx_word' id='word_1_51' title='bbox 885 581 1111 617; x_wconf 87' lang='lat' dir='ltr'>difficiliorem</span> <span class='ocrx_word' id='word_1_52' title='bbox 1143 582 1264 623; x_wconf 83' lang='lat' dir='ltr'>multo,</span> <span class='ocrx_word' id='word_1_53' title='bbox 1298 587 1333 616; x_wconf 90' lang='lat' dir='ltr'>et</span> <span class='ocrx_word' id='word_1_54' title='bbox 1367 582 1468 629; x_wconf 85' lang='lat' dir='ltr'>longe</span> <span class='ocrx_word' id='word_1_55' title='bbox 1501 582 1695 629; x_wconf 79' lang='lat' dir='ltr'>graviorem</span> 
     </span>
     <span class='ocr_line' id='line_1_7' title="bbox 274 645 1697 696; baseline -0.003 -12"><span class='ocrx_word' id='word_1_56' title='bbox 274 649 366 696; x_wconf 82' lang='lat' dir='ltr'>quali</span> <span class='ocrx_word' id='word_1_57' title='bbox 395 649 522 695; x_wconf 78' lang='lat' dir='ltr'>gradus</span> <span class='ocrx_word' id='word_1_58' title='bbox 556 648 697 695; x_wconf 86' lang='lat' dir='ltr'>quidam</span> <span class='ocrx_word' id='word_1_59' title='bbox 728 647 911 685; x_wconf 82' lang='lat' dir='ltr'>videretur,</span> <span class='ocrx_word' id='word_1_60' title='bbox 942 646 991 680; x_wconf 84' lang='lat' dir='ltr'>ita</span> <span class='ocrx_word' id='word_1_61' title='bbox 1007 656 1162 679; x_wconf 88' lang='lat' dir='ltr'>meorum</span> <span class='ocrx_word' id='word_1_62' title='bbox 1196 645 1384 681; x_wconf 83' lang='lat' dir='ltr'>studiorum</span> <span class='ocrx_word' id='word_1_63' title='bbox 1416 645 1567 680; x_wconf 82' lang='lat' dir='ltr'>rationes</span> <span class='ocrx_word' id='word_1_64' title='bbox 1607 645 1697 680; x_wconf 82' lang='lat' dir='ltr'>insti-</span> 
     </span>
     <span class='ocr_line' id='line_1_8' title="bbox 274 709 1695 756; baseline -0.004 -8"><span class='ocrx_word' id='word_1_65' title='bbox 274 714 418 749; x_wconf 83' lang='lat' dir='ltr'>tuendas</span> <span class='ocrx_word' id='word_1_66' title='bbox 443 713 569 753; x_wconf 80' lang='lat' dir='ltr'>curavi,</span> <span class='ocrx_word' id='word_1_67' title='bbox 595 717 634 746; x_wconf 89' lang='lat' dir='ltr'>ut</span> <span class='ocrx_word' id='word_1_68' title='bbox 661 711 738 746; x_wconf 83' lang='lat' dir='ltr'>illae</span> <span class='ocrx_word' id='word_1_69' title='bbox 768 711 803 744; x_wconf 92' lang='lat' dir='ltr'>in</span> <span class='ocrx_word' id='word_1_70' title='bbox 830 709 950 756; x_wconf 85' lang='lat' dir='ltr'>primis</span> <span class='ocrx_word' id='word_1_71' title='bbox 977 721 1032 744; x_wconf 83' lang='lat' dir='ltr'>res</span> <span class='ocrx_word' id='word_1_72' title='bbox 1055 721 1143 755; x_wconf 84' lang='lat' dir='ltr'>quae</span> <span class='ocrx_word' id='word_1_73' title='bbox 1171 709 1346 744; x_wconf 88' lang='lat' dir='ltr'>hominem</span> <span class='ocrx_word' id='word_1_74' title='bbox 1375 710 1539 756; x_wconf 84' lang='lat' dir='ltr'>ejusmodi</span> <span class='ocrx_word' id='word_1_75' title='bbox 1565 710 1695 756; x_wconf 86' lang='lat' dir='ltr'>reipub.</span> 
     </span>
     <span class='ocr_line' id='line_1_9' title="bbox 274 773 1696 822; baseline -0.001 -11"><span class='ocrx_word' id='word_1_76' title='bbox 274 778 474 813; x_wconf 87' lang='lat' dir='ltr'>muneribus</span> <span class='ocrx_word' id='word_1_77' title='bbox 506 776 712 822; x_wconf 81' lang='lat' dir='ltr'>implicitum</span> <span class='ocrx_word' id='word_1_78' title='bbox 743 778 912 809; x_wconf 76' lang='lat' dir='ltr'>exornant</span> <span class='ocrx_word' id='word_1_79' title='bbox 945 773 1105 814; x_wconf 78' lang='lat' dir='ltr'>maxime,</span> <span class='ocrx_word' id='word_1_80' title='bbox 1139 773 1175 808; x_wconf 90' lang='lat' dir='ltr'>in</span> <span class='ocrx_word' id='word_1_81' title='bbox 1208 774 1294 809; x_wconf 88' lang='lat' dir='ltr'>meis</span> <span class='ocrx_word' id='word_1_82' title='bbox 1327 773 1522 809; x_wconf 66' lang='lat' dir='ltr'>actionibus</span> <span class='ocrx_word' id='word_1_83' title='bbox 1555 779 1590 809; x_wconf 86' lang='lat' dir='ltr'>et</span> <span class='ocrx_word' id='word_1_84' title='bbox 1625 774 1696 810; x_wconf 86' lang='lat' dir='ltr'>vita</span> 
     </span>
     <span class='ocr_line' id='line_1_10' title="bbox 274 836 1695 887; baseline -0.002 -12"><span class='ocrx_word' id='word_1_85' title='bbox 274 842 390 887; x_wconf 82' lang='lat' dir='ltr'>aliquo</span> <span class='ocrx_word' id='word_1_86' title='bbox 420 841 522 875; x_wconf 88' lang='lat' dir='ltr'>modo</span> <span class='ocrx_word' id='word_1_87' title='bbox 549 840 750 878; x_wconf 73' lang='lat' dir='ltr'>eminerent,</span> <span class='ocrx_word' id='word_1_88' title='bbox 781 849 823 872; x_wconf 93' lang='lat' dir='ltr'>ne</span> <span class='ocrx_word' id='word_1_89' title='bbox 850 837 905 872; x_wconf 84' lang='lat' dir='ltr'>vel</span> <span class='ocrx_word' id='word_1_90' title='bbox 929 836 978 877; x_wconf 80' lang='lat' dir='ltr'>iis,</span> <span class='ocrx_word' id='word_1_91' title='bbox 1003 837 1062 883; x_wconf 89' lang='lat' dir='ltr'>qui</span> <span class='ocrx_word' id='word_1_92' title='bbox 1089 838 1175 873; x_wconf 81' lang='lat' dir='ltr'>haec</span> <span class='ocrx_word' id='word_1_93' title='bbox 1200 838 1286 872; x_wconf 83' lang='lat' dir='ltr'>mihi</span> <span class='ocrx_word' id='word_1_94' title='bbox 1315 849 1460 873; x_wconf 85' lang='lat' dir='ltr'>munera</span> <span class='ocrx_word' id='word_1_95' title='bbox 1488 838 1695 878; x_wconf 79' lang='lat' dir='ltr'>detulerant,</span> 
     </span>
     <span class='ocr_line' id='line_1_11' title="bbox 276 900 1697 950; baseline -0.002 -12"><span class='ocrx_word' id='word_1_96' title='bbox 276 904 443 950; x_wconf 81' lang='lat' dir='ltr'>indignus,</span> <span class='ocrx_word' id='word_1_97' title='bbox 488 903 541 937; x_wconf 86' lang='lat' dir='ltr'>vel</span> <span class='ocrx_word' id='word_1_98' title='bbox 584 903 725 949; x_wconf 83' lang='lat' dir='ltr'>patriae,</span> <span class='ocrx_word' id='word_1_99' title='bbox 769 912 857 947; x_wconf 84' lang='lat' dir='ltr'>quae</span> <span class='ocrx_word' id='word_1_100' title='bbox 899 900 1129 942; x_wconf 77' lang='lat' dir='ltr'>confirmarat,</span> <span class='ocrx_word' id='word_1_101' title='bbox 1168 901 1324 947; x_wconf 72' lang='lat' dir='ltr'>ingratus</span> <span class='ocrx_word' id='word_1_102' title='bbox 1368 902 1508 937; x_wconf 89' lang='lat' dir='ltr'>omnino</span> <span class='ocrx_word' id='word_1_103' title='bbox 1552 902 1697 936; x_wconf 82' lang='lat' dir='ltr'>viderer.</span> 
     </span>
     <span class='ocr_line' id='line_1_12' title="bbox 275 963 1697 1012; baseline -0.002 -9"><span class='ocrx_word' id='word_1_104' title='bbox 275 969 390 1009; x_wconf 82' lang='lat' dir='ltr'>Quare</span> <span class='ocrx_word' id='word_1_105' title='bbox 417 980 495 1002; x_wconf 85' lang='lat' dir='ltr'>cum</span> <span class='ocrx_word' id='word_1_106' title='bbox 521 967 557 1001; x_wconf 88' lang='lat' dir='ltr'>in</span> <span class='ocrx_word' id='word_1_107' title='bbox 588 966 728 1012; x_wconf 78' lang='lat' dir='ltr'>legibus,</span> <span class='ocrx_word' id='word_1_108' title='bbox 760 970 795 999; x_wconf 85' lang='lat' dir='ltr'>et</span> <span class='ocrx_word' id='word_1_109' title='bbox 818 964 854 998; x_wconf 90' lang='lat' dir='ltr'>in</span> <span class='ocrx_word' id='word_1_110' title='bbox 882 963 1020 999; x_wconf 87' lang='lat' dir='ltr'>historia</span> <span class='ocrx_word' id='word_1_111' title='bbox 1045 964 1194 1011; x_wconf 82' lang='lat' dir='ltr'>ipsarmn</span> <span class='ocrx_word' id='word_1_112' title='bbox 1218 965 1334 1011; x_wconf 86' lang='lat' dir='ltr'>legum</span> <span class='ocrx_word' id='word_1_113' title='bbox 1360 964 1541 1001; x_wconf 83' lang='lat' dir='ltr'>eertiffima</span> <span class='ocrx_word' id='word_1_114' title='bbox 1569 966 1697 1011; x_wconf 81' lang='lat' dir='ltr'>regula,</span> 
     </span>
     <span class='ocr_line' id='line_1_13' title="bbox 275 1027 1699 1078; baseline -0.003 -11"><span class='ocrx_word' id='word_1_115' title='bbox 275 1032 464 1068; x_wconf 72' lang='lat' dir='ltr'>maximinn</span> <span class='ocrx_word' id='word_1_116' title='bbox 504 1032 636 1078; x_wconf 88' lang='lat' dir='ltr'>reipub.</span> <span class='ocrx_word' id='word_1_117' title='bbox 678 1029 962 1065; x_wconf 83' lang='lat' dir='ltr'>administrandae</span> <span class='ocrx_word' id='word_1_118' title='bbox 1001 1034 1214 1064; x_wconf 85' lang='lat' dir='ltr'>momentum</span> <span class='ocrx_word' id='word_1_119' title='bbox 1256 1028 1401 1075; x_wconf 79' lang='lat' dir='ltr'>politum</span> <span class='ocrx_word' id='word_1_120' title='bbox 1439 1027 1504 1064; x_wconf 84' lang='lat' dir='ltr'>effe</span> <span class='ocrx_word' id='word_1_121' title='bbox 1547 1029 1699 1064; x_wconf 84' lang='lat' dir='ltr'>animad-</span> 
     </span>
     <span class='ocr_line' id='line_1_14' title="bbox 277 1091 1699 1141; baseline -0.003 -10"><span class='ocrx_word' id='word_1_122' title='bbox 277 1101 456 1135; x_wconf 83' lang='lat' dir='ltr'>verterem,</span> <span class='ocrx_word' id='word_1_123' title='bbox 491 1095 619 1141; x_wconf 85' lang='lat' dir='ltr'>partim</span> <span class='ocrx_word' id='word_1_124' title='bbox 653 1094 787 1140; x_wconf 84' lang='lat' dir='ltr'>legibus</span> <span class='ocrx_word' id='word_1_125' title='bbox 820 1093 956 1139; x_wconf 87' lang='lat' dir='ltr'>publice</span> <span class='ocrx_word' id='word_1_126' title='bbox 992 1091 1268 1138; x_wconf 81' lang='lat' dir='ltr'>interpretandis,</span> <span class='ocrx_word' id='word_1_127' title='bbox 1302 1092 1430 1138; x_wconf 81' lang='lat' dir='ltr'>partim</span> <span class='ocrx_word' id='word_1_128' title='bbox 1465 1092 1699 1128; x_wconf 77' lang='lat' dir='ltr'>controversiis</span> 
     </span>
     <span class='ocr_line' id='line_1_15' title="bbox 274 1155 1697 1207; baseline -0.004 -12"><span class='ocrx_word' id='word_1_129' title='bbox 274 1172 337 1207; x_wconf 85' lang='lat' dir='ltr'>pro</span> <span class='ocrx_word' id='word_1_130' title='bbox 362 1159 526 1195; x_wconf 88' lang='lat' dir='ltr'>tribunali</span> <span class='ocrx_word' id='word_1_131' title='bbox 555 1158 754 1193; x_wconf 84' lang='lat' dir='ltr'>dirimendis</span> <span class='ocrx_word' id='word_1_132' title='bbox 781 1169 921 1203; x_wconf 84' lang='lat' dir='ltr'>operam</span> <span class='ocrx_word' id='word_1_133' title='bbox 948 1156 1080 1197; x_wconf 64' lang='lat' dir='ltr'>navari,</span> <span class='ocrx_word' id='word_1_134' title='bbox 1107 1162 1142 1191; x_wconf 90' lang='lat' dir='ltr'>et</span> <span class='ocrx_word' id='word_1_135' title='bbox 1165 1155 1367 1197; x_wconf 83' lang='lat' dir='ltr'>historiam‚”</span> <span class='ocrx_word' id='word_1_136' title='bbox 1395 1161 1459 1191; x_wconf 88' lang='lat' dir='ltr'>etc.</span> <span class='ocrx_word' id='word_1_137' title='bbox 1508 1156 1603 1191; x_wconf 85' lang='lat' dir='ltr'>Haec</span> <span class='ocrx_word' id='word_1_138' title='bbox 1631 1155 1697 1190; x_wconf 84' lang='lat' dir='ltr'>ille.</span> 
     </span>
     <span class='ocr_line' id='line_1_16' title="bbox 276 1218 1699 1271; baseline -0.004 -12"><span class='ocrx_word' id='word_1_139' title='bbox 276 1222 458 1271; x_wconf 82' lang='lat' dir='ltr'>Progrefl&#39;u</span> <span class='ocrx_word' id='word_1_140' title='bbox 487 1223 592 1258; x_wconf 86' lang='lat' dir='ltr'>etiam</span> <span class='ocrx_word' id='word_1_141' title='bbox 622 1221 788 1268; x_wconf 86' lang='lat' dir='ltr'>temporis</span> <span class='ocrx_word' id='word_1_142' title='bbox 816 1222 860 1256; x_wconf 85' lang='lat' dir='ltr'>ad</span> <span class='ocrx_word' id='word_1_143' title='bbox 894 1220 1127 1267; x_wconf 84' lang='lat' dir='ltr'>episcopatum</span> <span class='ocrx_word' id='word_1_144' title='bbox 1156 1220 1297 1254; x_wconf 50' lang='lat' dir='ltr'>evectus</span> <span class='ocrx_word' id='word_1_145' title='bbox 1331 1220 1377 1255; x_wconf 87' lang='lat' dir='ltr'>est</span> <span class='ocrx_word' id='word_1_146' title='bbox 1408 1220 1444 1254; x_wconf 93' lang='lat' dir='ltr'>in</span> <span class='ocrx_word' id='word_1_147' title='bbox 1480 1218 1593 1255; x_wconf 82' lang='lat' dir='ltr'>Roffia</span> <span class='ocrx_word' id='word_1_148' title='bbox 1621 1232 1699 1266; x_wconf 85' lang='lat' dir='ltr'>pro-</span> 
     </span>
     <span class='ocr_line' id='line_1_17' title="bbox 277 1282 1699 1331; baseline -0.004 -8"><span class='ocrx_word' id='word_1_149' title='bbox 277 1289 412 1324; x_wconf 84' lang='lat' dir='ltr'>vincia:</span> <span class='ocrx_word' id='word_1_150' title='bbox 450 1287 517 1322; x_wconf 87' lang='lat' dir='ltr'>fuit</span> <span class='ocrx_word' id='word_1_151' title='bbox 551 1286 656 1321; x_wconf 89' lang='lat' dir='ltr'>etiam</span> <span class='ocrx_word' id='word_1_152' title='bbox 697 1285 829 1320; x_wconf 85' lang='lat' dir='ltr'>Mariae</span> <span class='ocrx_word' id='word_1_153' title='bbox 874 1284 1029 1331; x_wconf 83' lang='lat' dir='ltr'>Reginae</span> <span class='ocrx_word' id='word_1_154' title='bbox 1062 1295 1084 1318; x_wconf 87' lang='lat' dir='ltr'>a</span> <span class='ocrx_word' id='word_1_155' title='bbox 1115 1282 1262 1322; x_wconf 80' lang='lat' dir='ltr'>secretis,</span> <span class='ocrx_word' id='word_1_156' title='bbox 1298 1288 1332 1317; x_wconf 85' lang='lat' dir='ltr'>et</span> <span class='ocrx_word' id='word_1_157' title='bbox 1366 1282 1549 1328; x_wconf 82' lang='lat' dir='ltr'>aliquoties</span> <span class='ocrx_word' id='word_1_158' title='bbox 1584 1288 1699 1318; x_wconf 88' lang='lat' dir='ltr'>orator</span> 
     </span>
     <span class='ocr_line' id='line_1_18' title="bbox 277 1346 1699 1397; baseline -0.004 -10"><span class='ocrx_word' id='word_1_159' title='bbox 277 1353 310 1388; x_wconf 89' lang='lat' dir='ltr'>S.</span> <span class='ocrx_word' id='word_1_160' title='bbox 339 1353 382 1387; x_wconf 92' lang='lat' dir='ltr'>R.</span> <span class='ocrx_word' id='word_1_161' title='bbox 410 1352 449 1385; x_wconf 90' lang='lat' dir='ltr'>E.</span> <span class='ocrx_word' id='word_1_162' title='bbox 478 1351 515 1385; x_wconf 88' lang='lat' dir='ltr'>in</span> <span class='ocrx_word' id='word_1_163' title='bbox 544 1350 670 1397; x_wconf 82' lang='lat' dir='ltr'>Anglia</span> <span class='ocrx_word' id='word_1_164' title='bbox 699 1355 734 1384; x_wconf 90' lang='lat' dir='ltr'>et</span> <span class='ocrx_word' id='word_1_165' title='bbox 765 1349 886 1384; x_wconf 86' lang='lat' dir='ltr'>Gallia.</span> <span class='ocrx_word' id='word_1_166' title='bbox 938 1348 1056 1383; x_wconf 88' lang='lat' dir='ltr'>Primo</span> <span class='ocrx_word' id='word_1_167' title='bbox 1088 1352 1162 1382; x_wconf 86' lang='lat' dir='ltr'>erat</span> <span class='ocrx_word' id='word_1_168' title='bbox 1186 1346 1275 1393; x_wconf 85' lang='lat' dir='ltr'>juris</span> <span class='ocrx_word' id='word_1_169' title='bbox 1308 1346 1485 1393; x_wconf 87' lang='lat' dir='ltr'>utriusque</span> <span class='ocrx_word' id='word_1_170' title='bbox 1512 1347 1635 1382; x_wconf 60' lang='lat' dir='ltr'>doctor</span> <span class='ocrx_word' id='word_1_171' title='bbox 1664 1347 1699 1381; x_wconf 90' lang='lat' dir='ltr'>in</span> 
     </span>
     <span class='ocr_line' id='line_1_19' title="bbox 277 1410 1694 1460; baseline -0.004 -9"><span class='ocrx_word' id='word_1_172' title='bbox 277 1415 463 1451; x_wconf 82' lang='lat' dir='ltr'>Academia</span> <span class='ocrx_word' id='word_1_173' title='bbox 497 1413 739 1453; x_wconf 85' lang='lat' dir='ltr'>Aberdonenfi,</span> <span class='ocrx_word' id='word_1_174' title='bbox 772 1413 1021 1460; x_wconf 86' lang='lat' dir='ltr'>primariusque</span> <span class='ocrx_word' id='word_1_175' title='bbox 1048 1411 1197 1458; x_wconf 77' lang='lat' dir='ltr'>ejusdem</span> <span class='ocrx_word' id='word_1_176' title='bbox 1229 1410 1366 1446; x_wconf 81' lang='lat' dir='ltr'>diocefis</span> <span class='ocrx_word' id='word_1_177' title='bbox 1391 1411 1510 1457; x_wconf 76' lang='lat' dir='ltr'>judex,</span> <span class='ocrx_word' id='word_1_178' title='bbox 1540 1411 1694 1445; x_wconf 84' lang='lat' dir='ltr'>officialis</span> 
     </span>
     <span class='ocr_line' id='line_1_20' title="bbox 278 1475 1696 1524; baseline -0.003 -11"><span class='ocrx_word' id='word_1_179' title='bbox 278 1481 401 1515; x_wconf 59' lang='lat' dir='ltr'>dietus.</span> <span class='ocrx_word' id='word_1_180' title='bbox 459 1478 568 1513; x_wconf 84' lang='lat' dir='ltr'>Paulo</span> <span class='ocrx_word' id='word_1_181' title='bbox 601 1478 673 1524; x_wconf 90' lang='lat' dir='ltr'>post</span> <span class='ocrx_word' id='word_1_182' title='bbox 706 1476 883 1523; x_wconf 85' lang='lat' dir='ltr'>supremae</span> <span class='ocrx_word' id='word_1_183' title='bbox 917 1476 1031 1511; x_wconf 83' lang='lat' dir='ltr'>euriae</span> <span class='ocrx_word' id='word_1_184' title='bbox 1065 1475 1210 1515; x_wconf 86' lang='lat' dir='ltr'>senator,</span> <span class='ocrx_word' id='word_1_185' title='bbox 1247 1475 1455 1521; x_wconf 82' lang='lat' dir='ltr'>reginaeque</span> <span class='ocrx_word' id='word_1_186' title='bbox 1490 1488 1510 1510; x_wconf 90' lang='lat' dir='ltr'>a</span> <span class='ocrx_word' id='word_1_187' title='bbox 1544 1475 1696 1514; x_wconf 72' lang='lat' dir='ltr'>conliliis,</span> 
     </span>
     <span class='ocr_line' id='line_1_21' title="bbox 276 1539 1699 1589; baseline -0.005 -10"><span class='ocrx_word' id='word_1_188' title='bbox 276 1549 311 1579; x_wconf 86' lang='lat' dir='ltr'>et</span> <span class='ocrx_word' id='word_1_189' title='bbox 350 1543 525 1589; x_wconf 86' lang='lat' dir='ltr'>episcopus</span> <span class='ocrx_word' id='word_1_190' title='bbox 568 1540 735 1576; x_wconf 76' lang='lat' dir='ltr'>Rofl&#39;eufis</span> <span class='ocrx_word' id='word_1_191' title='bbox 777 1541 999 1576; x_wconf 85' lang='lat' dir='ltr'>renunciatus</span> <span class='ocrx_word' id='word_1_192' title='bbox 1038 1539 1094 1574; x_wconf 86' lang='lat' dir='ltr'>est.</span> <span class='ocrx_word' id='word_1_193' title='bbox 1162 1539 1320 1585; x_wconf 86' lang='lat' dir='ltr'>Denique</span> <span class='ocrx_word' id='word_1_194' title='bbox 1362 1539 1454 1574; x_wconf 88' lang='lat' dir='ltr'>hunc</span> <span class='ocrx_word' id='word_1_195' title='bbox 1497 1539 1699 1573; x_wconf 83' lang='lat' dir='ltr'>eruditionis</span> 
     </span>
     <span class='ocr_line' id='line_1_22' title="bbox 279 1603 1697 1651; baseline -0.004 -9"><span class='ocrx_word' id='word_1_196' title='bbox 279 1607 415 1642; x_wconf 89' lang='lat' dir='ltr'>nomine</span> <span class='ocrx_word' id='word_1_197' title='bbox 441 1606 582 1641; x_wconf 85' lang='lat' dir='ltr'>laudare</span> <span class='ocrx_word' id='word_1_198' title='bbox 607 1617 755 1651; x_wconf 88' lang='lat' dir='ltr'>aequum</span> <span class='ocrx_word' id='word_1_199' title='bbox 788 1605 859 1639; x_wconf 89' lang='lat' dir='ltr'>est:</span> <span class='ocrx_word' id='word_1_200' title='bbox 891 1616 1029 1638; x_wconf 89' lang='lat' dir='ltr'>omnem</span> <span class='ocrx_word' id='word_1_201' title='bbox 1060 1603 1272 1638; x_wconf 87' lang='lat' dir='ltr'>humanioris</span> <span class='ocrx_word' id='word_1_202' title='bbox 1299 1603 1499 1638; x_wconf 83' lang='lat' dir='ltr'>literaturae</span> <span class='ocrx_word' id='word_1_203' title='bbox 1528 1608 1697 1643; x_wconf 85' lang='lat' dir='ltr'>ornatum,</span> 
     </span>
     <span class='ocr_line' id='line_1_23' title="bbox 277 1666 1698 1718; baseline -0.002 -13"><span class='ocrx_word' id='word_1_204' title='bbox 277 1671 403 1718; x_wconf 84' lang='lat' dir='ltr'>partim</span> <span class='ocrx_word' id='word_1_205' title='bbox 434 1670 469 1704; x_wconf 86' lang='lat' dir='ltr'>in</span> <span class='ocrx_word' id='word_1_206' title='bbox 499 1669 612 1704; x_wconf 86' lang='lat' dir='ltr'>schola</span> <span class='ocrx_word' id='word_1_207' title='bbox 642 1668 763 1715; x_wconf 89' lang='lat' dir='ltr'>patria,</span> <span class='ocrx_word' id='word_1_208' title='bbox 792 1667 918 1714; x_wconf 86' lang='lat' dir='ltr'>partim</span> <span class='ocrx_word' id='word_1_209' title='bbox 947 1667 1029 1702; x_wconf 83' lang='lat' dir='ltr'>alibi</span> <span class='ocrx_word' id='word_1_210' title='bbox 1056 1667 1191 1701; x_wconf 86' lang='lat' dir='ltr'>abunde</span> <span class='ocrx_word' id='word_1_211' title='bbox 1225 1666 1393 1702; x_wconf 82' lang='lat' dir='ltr'>hauserat.</span> <span class='ocrx_word' id='word_1_212' title='bbox 1461 1667 1501 1701; x_wconf 91' lang='lat' dir='ltr'>In</span> <span class='ocrx_word' id='word_1_213' title='bbox 1529 1667 1698 1714; x_wconf 86' lang='lat' dir='ltr'>jurispru-</span> 
     </span>
     <span class='ocr_line' id='line_1_24' title="bbox 278 1730 1697 1777; baseline -0.002 -8"><span class='ocrx_word' id='word_1_214' title='bbox 278 1734 394 1769; x_wconf 89' lang='lat' dir='ltr'>dentia</span> <span class='ocrx_word' id='word_1_215' title='bbox 428 1733 541 1768; x_wconf 81' lang='lat' dir='ltr'>clarus</span> <span class='ocrx_word' id='word_1_216' title='bbox 574 1737 657 1772; x_wconf 84' lang='lat' dir='ltr'>erat,</span> <span class='ocrx_word' id='word_1_217' title='bbox 693 1732 729 1766; x_wconf 90' lang='lat' dir='ltr'>in</span> <span class='ocrx_word' id='word_1_218' title='bbox 764 1730 976 1777; x_wconf 86' lang='lat' dir='ltr'>philosophia</span> <span class='ocrx_word' id='word_1_219' title='bbox 1009 1730 1113 1765; x_wconf 88' lang='lat' dir='ltr'>etiam</span> <span class='ocrx_word' id='word_1_220' title='bbox 1146 1731 1333 1765; x_wconf 86' lang='lat' dir='ltr'>admodum</span> <span class='ocrx_word' id='word_1_221' title='bbox 1372 1736 1524 1772; x_wconf 85' lang='lat' dir='ltr'>acutus;</span> <span class='ocrx_word' id='word_1_222' title='bbox 1566 1731 1697 1767; x_wconf 89' lang='lat' dir='ltr'>theolo-</span> 
     </span>
     <span class='ocr_line' id='line_1_25' title="bbox 277 1794 1695 1844; baseline -0.001 -12"><span class='ocrx_word' id='word_1_223' title='bbox 277 1798 369 1844; x_wconf 82' lang='lat' dir='ltr'>giam</span> <span class='ocrx_word' id='word_1_224' title='bbox 399 1808 480 1831; x_wconf 81' lang='lat' dir='ltr'>vero</span> <span class='ocrx_word' id='word_1_225' title='bbox 514 1808 583 1831; x_wconf 91' lang='lat' dir='ltr'>non</span> <span class='ocrx_word' id='word_1_226' title='bbox 609 1807 741 1842; x_wconf 83' lang='lat' dir='ltr'>puram,</span> <span class='ocrx_word' id='word_1_227' title='bbox 774 1794 831 1829; x_wconf 85' lang='lat' dir='ltr'>sed</span> <span class='ocrx_word' id='word_1_228' title='bbox 861 1794 1034 1829; x_wconf 86' lang='lat' dir='ltr'>erroribus</span> <span class='ocrx_word' id='word_1_229' title='bbox 1061 1800 1095 1830; x_wconf 89' lang='lat' dir='ltr'>et</span> <span class='ocrx_word' id='word_1_230' title='bbox 1121 1794 1245 1830; x_wconf 87' lang='lat' dir='ltr'>ritibus</span> <span class='ocrx_word' id='word_1_231' title='bbox 1277 1795 1462 1840; x_wconf 79' lang='lat' dir='ltr'>pontificiis</span> <span class='ocrx_word' id='word_1_232' title='bbox 1497 1795 1695 1835; x_wconf 84' lang='lat' dir='ltr'>involutam,</span> 
     </span>
     <span class='ocr_line' id='line_1_26' title="bbox 277 1859 730 1907; baseline -0.009 -10"><span class='ocrx_word' id='word_1_233' title='bbox 277 1862 405 1897; x_wconf 84' lang='lat' dir='ltr'>didicit.</span> <span class='ocrx_word' id='word_1_234' title='bbox 457 1859 595 1907; x_wconf 76' lang='lat' dir='ltr'>Scripsit</span> <span class='ocrx_word' id='word_1_235' title='bbox 613 1865 730 1894; x_wconf 89' lang='lat' dir='ltr'>autem</span> 
     </span>
    </p>

    <p class='ocr_par' dir='ltr' id='par_1_3' title="bbox 424 1922 1089 1962">
     <span class='ocr_line' id='line_1_27' title="bbox 424 1922 1089 1962; baseline -0.005 -3"><span class='ocrx_word' id='word_1_236' title='bbox 424 1924 541 1960; x_wconf 89' lang='lat' dir='ltr'>Animi</span> <span class='ocrx_word' id='word_1_237' title='bbox 559 1924 690 1959; x_wconf 62' lang='lat' dir='ltr'>Afflieti</span> <span class='ocrx_word' id='word_1_238' title='bbox 707 1922 971 1962; x_wconf 88' lang='lat' dir='ltr'>Consolationes,</span> <span class='ocrx_word' id='word_1_239' title='bbox 989 1922 1048 1957; x_wconf 87' lang='lat' dir='ltr'>lib.</span> <span class='ocrx_word' id='word_1_240' title='bbox 1066 1932 1089 1956; x_wconf 88' lang='grc' dir='ltr'>Ι.</span> 
     </span>
    </p>

    <p class='ocr_par' dir='ltr' id='par_1_4' title="bbox 422 1985 1597 2033">
     <span class='ocr_line' id='line_1_28' title="bbox 422 1985 1597 2033; baseline -0.002 -11"><span class='ocrx_word' id='word_1_241' title='bbox 422 1988 541 2023; x_wconf 87' lang='lat' dir='ltr'>Animi</span> <span class='ocrx_word' id='word_1_242' title='bbox 560 1987 749 2033; x_wconf 85' lang='lat' dir='ltr'>Tranquilli</span> <span class='ocrx_word' id='word_1_243' title='bbox 768 1986 943 2026; x_wconf 87' lang='lat' dir='ltr'>Remedia,</span> <span class='ocrx_word' id='word_1_244' title='bbox 962 1985 1019 2020; x_wconf 90' lang='lat' dir='ltr'>lib.</span> <span class='ocrx_word' id='word_1_245' title='bbox 1038 1996 1061 2020; x_wconf 88' lang='lat'>1.</span> <span class='ocrx_word' id='word_1_246' title='bbox 1114 1986 1155 2020; x_wconf 91' lang='lat' dir='ltr'>In</span> <span class='ocrx_word' id='word_1_247' title='bbox 1173 1986 1296 2021; x_wconf 65' lang='lat' dir='ltr'>octavo</span> <span class='ocrx_word' id='word_1_248' title='bbox 1316 1985 1450 2021; x_wconf 66' lang='lat' dir='ltr'>Pasifiis</span> <span class='ocrx_word' id='word_1_249' title='bbox 1468 1991 1597 2021; x_wconf 78' lang='lat' dir='ltr'>extant.</span> 
     </span>
    </p>

    <p class='ocr_par' dir='ltr' id='par_1_5' title="bbox 425 2049 1574 2098">
     <span class='ocr_line' id='line_1_29' title="bbox 425 2049 1574 2098; baseline -0.002 -12"><span class='ocrx_word' id='word_1_250' title='bbox 425 2052 478 2086; x_wconf 92' lang='lat' dir='ltr'>De</span> <span class='ocrx_word' id='word_1_251' title='bbox 496 2051 647 2098; x_wconf 79' lang='lat' dir='ltr'>Origine,</span> <span class='ocrx_word' id='word_1_252' title='bbox 665 2050 829 2090; x_wconf 79' lang='lat' dir='ltr'>Moribus,</span> <span class='ocrx_word' id='word_1_253' title='bbox 848 2055 883 2084; x_wconf 91' lang='lat' dir='ltr'>et</span> <span class='ocrx_word' id='word_1_254' title='bbox 901 2049 1009 2084; x_wconf 85' lang='lat' dir='ltr'>Gestis</span> <span class='ocrx_word' id='word_1_255' title='bbox 1027 2050 1218 2089; x_wconf 85' lang='lat' dir='ltr'>Scotorum,</span> <span class='ocrx_word' id='word_1_256' title='bbox 1236 2049 1294 2084; x_wconf 78' lang='lat' dir='ltr'>lib.</span> <span class='ocrx_word' id='word_1_257' title='bbox 1313 2060 1348 2084; x_wconf 82' lang='lat' dir='ltr'>X.</span> <span class='ocrx_word' id='word_1_258' title='bbox 1367 2050 1574 2085; x_wconf 87' lang='lat' dir='ltr'>Chronicon.</span> 
     </span>
    </p>

    <p class='ocr_par' dir='ltr' id='par_1_6' title="bbox 424 2113 953 2159">
     <span class='ocr_line' id='line_1_30' title="bbox 424 2113 953 2159; baseline -0.008 -8"><span class='ocrx_word' id='word_1_259' title='bbox 424 2117 493 2151; x_wconf 88' lang='lat' dir='ltr'>Pro</span> <span class='ocrx_word' id='word_1_260' title='bbox 510 2116 596 2150; x_wconf 86' lang='lat' dir='ltr'>Jure</span> <span class='ocrx_word' id='word_1_261' title='bbox 615 2113 821 2150; x_wconf 86' lang='lat' dir='ltr'>Sereniffimi</span> <span class='ocrx_word' id='word_1_262' title='bbox 840 2113 953 2159; x_wconf 75' lang='lat' dir='ltr'>Regis.</span> 
     </span>
    </p>

    <p class='ocr_par' dir='ltr' id='par_1_7' title="bbox 424 2176 1694 2226">
     <span class='ocr_line' id='line_1_31' title="bbox 424 2176 1694 2226; baseline -0.002 -11"><span class='ocrx_word' id='word_1_263' title='bbox 424 2180 695 2226; x_wconf 80' lang='lat' dir='ltr'>Descriptionem</span> <span class='ocrx_word' id='word_1_264' title='bbox 730 2177 874 2217; x_wconf 79' lang='lat' dir='ltr'>Scotiae,</span> <span class='ocrx_word' id='word_1_265' title='bbox 904 2189 973 2211; x_wconf 85' lang='lat' dir='ltr'>una</span> <span class='ocrx_word' id='word_1_266' title='bbox 1000 2188 1078 2211; x_wconf 88' lang='lat' dir='ltr'>cum</span> <span class='ocrx_word' id='word_1_267' title='bbox 1107 2176 1247 2211; x_wconf 84' lang='lat' dir='ltr'>Tabella</span> <span class='ocrx_word' id='word_1_268' title='bbox 1275 2177 1530 2223; x_wconf 78' lang='lat' dir='ltr'>topographica,</span> <span class='ocrx_word' id='word_1_269' title='bbox 1564 2177 1694 2212; x_wconf 69' lang='lat' dir='ltr'>Romae</span> 
     </span>
    </p>

    <p class='ocr_par' dir='ltr' id='par_1_8' title="bbox 474 2243 698 2290">
     <span class='ocr_line' id='line_1_32' title="bbox 474 2243 698 2290; baseline -0.009 -12"><span class='ocrx_word' id='word_1_270' title='bbox 474 2244 574 2290; x_wconf 86' lang='lat' dir='ltr'>impr.</span> <span class='ocrx_word' id='word_1_271' title='bbox 595 2243 698 2279; x_wconf 70' lang='lat'>1578.</span> 
     </span>
    </p>

    <p class='ocr_par' dir='ltr' id='par_1_9' title="bbox 281 2304 1697 2419">
     <span class='ocr_line' id='line_1_33' title="bbox 281 2304 1697 2352; baseline -0.002 -9"><span class='ocrx_word' id='word_1_272' title='bbox 281 2308 326 2342; x_wconf 91' lang='lat' dir='ltr'>Et</span> <span class='ocrx_word' id='word_1_273' title='bbox 360 2307 436 2342; x_wconf 85' lang='lat' dir='ltr'>alia.</span> <span class='ocrx_word' id='word_1_274' title='bbox 491 2308 643 2343; x_wconf 86' lang='lat' dir='ltr'>Tandem</span> <span class='ocrx_word' id='word_1_275' title='bbox 676 2307 748 2341; x_wconf 88' lang='lat' dir='ltr'>fato</span> <span class='ocrx_word' id='word_1_276' title='bbox 781 2306 922 2340; x_wconf 67' lang='lat' dir='ltr'>funetus</span> <span class='ocrx_word' id='word_1_277' title='bbox 951 2305 997 2339; x_wconf 88' lang='lat' dir='ltr'>est</span> <span class='ocrx_word' id='word_1_278' title='bbox 1026 2304 1247 2350; x_wconf 79' lang='lat' dir='ltr'>[Bruxellae]</span> <span class='ocrx_word' id='word_1_279' title='bbox 1275 2316 1366 2339; x_wconf 85' lang='lat' dir='ltr'>anno</span> <span class='ocrx_word' id='word_1_280' title='bbox 1392 2304 1552 2340; x_wconf 83' lang='lat' dir='ltr'>salutiferi</span> <span class='ocrx_word' id='word_1_281' title='bbox 1579 2310 1697 2352; x_wconf 83' lang='lat' dir='ltr'>partus</span> 
     </span>
     <span class='ocr_line' id='line_1_34' title="bbox 282 2368 1351 2419; baseline -0.005 -12"><span class='ocrx_word' id='word_1_282' title='bbox 282 2372 422 2419; x_wconf 64' lang='lat'>[1590]</span> <span class='ocrx_word' id='word_1_283' title='bbox 443 2372 525 2406; x_wconf 90' lang='lat' dir='ltr'>dum</span> <span class='ocrx_word' id='word_1_284' title='bbox 542 2372 578 2406; x_wconf 90' lang='lat' dir='ltr'>in</span> <span class='ocrx_word' id='word_1_285' title='bbox 596 2371 711 2407; x_wconf 83' lang='lat' dir='ltr'>Scotia</span> <span class='ocrx_word' id='word_1_286' title='bbox 728 2382 844 2406; x_wconf 85' lang='lat' dir='ltr'>rerum</span> <span class='ocrx_word' id='word_1_287' title='bbox 861 2369 1031 2416; x_wconf 86' lang='lat' dir='ltr'>potiretur</span> <span class='ocrx_word' id='word_1_288' title='bbox 1047 2368 1198 2413; x_wconf 69' lang='lat' dir='ltr'>Jacobus</span> <span class='ocrx_word' id='word_1_289' title='bbox 1216 2368 1351 2403; x_wconf 86' lang='lat' dir='ltr'>Sextus.</span> 
     </span>
    </p>
   </div>
  </div>
 </body>
</html>
