1913 2692
237 248 278 279 66
621 243 684 273 DE
720 240 1052 272 SCRIPTORIBUS
1085 239 1247 270 SCOTIS.

241 338 342 373 sacris
367 336 562 382 Scripturis,
593 334 649 369 sed
675 333 779 368 etiam
809 333 844 366 in
874 331 1080 366 secularibus
1105 330 1213 365 literis
1240 329 1455 364 omnifariam
1482 330 1652 369 erudivit;

241 414 303 437 nec
333 401 440 436 solum
474 397 651 434 Fuldenfis
685 396 840 432 coenobii
873 395 1066 435 monachos,
1100 395 1157 429 sed
1189 393 1294 429 etiam
1327 406 1370 428 ex
1404 393 1539 428 diverfis
1572 394 1654 428 locis

241 466 316 501 aliis
348 465 391 500 ad
425 464 457 498 se
491 460 708 500 transmissos,
740 460 868 494 multos
901 459 936 493 in
970 459 1063 493 omni
1103 470 1228 505 genere
1263 458 1440 493 doetrinae
1476 458 1656 504 discipulos

244 529 400 564 instituit.
471 527 524 561 Ex
564 526 618 560 his
662 524 855 570 complures
896 522 1010 568 postea
1046 521 1194 556 suceeffu
1229 522 1394 568 temporis
1431 522 1475 556 ad
1515 534 1658 568 magnas

243 593 427 639 dignitates
456 589 605 637 promoti
633 588 720 623 sunt.
783 588 1048 632 Praeceptorem
1078 585 1247 619 habuerat
1273 597 1315 619 ex
1341 585 1512 631 discipulis
1542 585 1656 619 Bedae

243 653 556 691 reverendiffimum
583 652 696 686 virum
724 650 899 689 Albinum,
923 648 1130 683 monachum
1154 652 1189 681 et
1219 648 1379 682 abbatem
1405 648 1597 682 monasterii
1624 648 1656 682 S.

244 717 385 752 Martini
411 713 621 754 Turonensis,
650 712 769 759 Magni
800 711 914 746 Caroli
940 711 1158 757 imperatoris
1187 711 1361 756 quondam
1390 711 1609 751 didasculum,
1639 724 1659 745 a

246 793 314 828 quo
352 780 420 826 ipse
462 778 621 813 hauserat
660 777 695 811 in
738 776 859 815 Gallia,
901 775 992 821 quod
1027 775 1111 809 alios
1149 774 1184 808 in
1225 774 1411 809 Germania
1446 775 1659 820 postmodum

248 846 401 884 docebat,
428 855 506 878 cum
537 843 649 877 adhuc
681 853 767 887 puer
790 838 872 874 effet
898 839 1017 873 decem
1042 850 1220 873 annorum.
1276 838 1386 872 Omne
1412 838 1572 884 deinceps
1596 838 1661 873 stu-

249 910 342 943 dium
373 906 543 942 convertit
578 906 622 940 ad
655 903 830 939 scientiam
864 902 1141 948 Scripturarum:
1175 902 1211 936 in
1242 902 1335 936 omni
1368 902 1560 936 eruditione
1589 907 1661 937 tam

249 973 451 1008 secularium
482 983 585 1017 quam
616 969 809 1004 divinarum
844 967 1100 1012 Scripturarum
1130 964 1341 1000 doctiffimus
1371 964 1492 1005 evafit3
1519 965 1664 1010 philoso—

252 1038 339 1083 phus
365 1037 486 1075 clarus,
515 1038 617 1080 poeta
649 1031 793 1078 infiguis,
824 1031 943 1065 rhetor
967 1029 1142 1066 facundus,
1168 1029 1380 1063 astronomus
1404 1034 1439 1063 et
1464 1029 1664 1074 computista

251 1099 502 1135 celeberrimus.
557 1098 598 1131 In
625 1086 809 1143 juventute
837 1095 878 1129 iis
909 1093 1067 1128 omnibus
1097 1092 1244 1127 scientiis
1270 1092 1406 1138 publice
1434 1092 1664 1138 privatimque

251 1163 436 1199 imbuenda
460 1161 628 1196 maximos
653 1159 781 1206 ingenii
804 1158 854 1193 sui
881 1169 1004 1192 nervos
1027 1157 1212 1192 contendit.
1261 1156 1414 1191 Primam
1434 1156 1528 1191 suam
1542 1157 1665 1202 juven-

252 1234 364 1263 tutem
396 1225 578 1261 Benediffi
606 1223 769 1259 institutis
801 1222 1035 1262 consecravit3
1066 1222 1118 1255 vir
1145 1221 1266 1261 faetus,
1294 1221 1400 1255 abbas
1427 1220 1602 1255 Fuldenfis
1629 1221 1664 1255 in

254 1291 439 1327 Germania
464 1290 618 1324 omnium
644 1287 892 1323 monachorum
915 1285 1046 1320 summa
1070 1285 1248 1319 voluntate
1271 1289 1406 1319 creatus
1428 1285 1492 1319 est:
1519 1284 1665 1330 denique

255 1357 298 1391 ad
316 1353 586 1401 Moguntinenfis
606 1351 762 1387 ecclesiae
787 1349 1115 1396 archiepiscopatum
1136 1349 1285 1388 evee’ms,
1304 1347 1425 1393 viginti
1443 1352 1592 1393 quatuor
1608 1360 1668 1382 an-

255 1420 307 1454 nis
330 1419 395 1453 hoc
419 1428 544 1452 munus
572 1416 698 1452 obibat.
749 1414 902 1449 Tandem
925 1412 1141 1447 scandalizati
1162 1411 1197 1445 in
1215 1423 1255 1446 eo
1276 1411 1446 1451 monachi,
1471 1423 1539 1457 quo
1560 1411 1668 1446 maxi-

256 1495 311 1518 me
332 1483 521 1517 debuerant
545 1479 726 1520 aedificari,
749 1478 808 1524 qui
830 1490 908 1512 eum
931 1477 1090 1511 dicebant
1112 1475 1257 1509 nimium
1284 1474 1470 1520 Scripturis
1495 1474 1667 1509 intentum

259 1545 465 1592 temporalia
495 1544 678 1590 negligere.
730 1543 825 1577 Dans
852 1541 958 1587 igitur
987 1540 1100 1574 locum
1128 1539 1209 1577 irae,
1239 1538 1480 1573 monasterium
1510 1543 1544 1573 et
1573 1539 1669 1574 habi-

258 1617 388 1647 tatores
413 1610 486 1656 ejus
509 1607 666 1648 deseruit,
694 1618 756 1641 nec
779 1605 902 1652 postea,
925 1604 966 1638 iis
989 1602 1202 1650 poenitentia
1223 1602 1346 1639 duffis.
1371 1614 1490 1636 eorum
1510 1602 1668 1648 precibus

259 1673 412 1710 revocari
446 1677 591 1719 poterat.
667 1669 805 1716 Scripsit
842 1670 884 1704 de
926 1680 967 1703 eo
1008 1666 1201 1706 nonnullus,
1243 1678 1306 1700 nec
1348 1666 1483 1701 Italiam
1525 1666 1669 1701 Rabano

259 1739 410 1778 fimilem,
444 1748 507 1771 nec
541 1734 762 1770 Germaniam
801 1733 981 1778 aequalem
1014 1729 1188 1777 peperifl'e.
1255 1729 1358 1770 Libri,
1393 1742 1478 1776 quos
1511 1730 1668 1776 fingulari

262 1803 410 1849 quadam
439 1800 630 1836 eruditione
657 1799 801 1834 refertos
828 1797 944 1837 edidit,
974 1795 1099 1830 infiniti
1125 1806 1212 1841 pene
1244 1794 1330 1829 sunt.
1395 1793 1533 1841 Scripfit
1561 1794 1670 1829 multa

264 1873 298 1902 et
315 1866 413 1901 versu
431 1870 466 1900 et
482 1863 590 1910 prosa.

406 1926 662 1963 Commentaria
679 1926 714 1960 in
731 1925 923 1960 universam
941 1924 974 1957 S.
994 1922 1206 1968 Scripturam
1225 1922 1401 1968 utriusque
1419 1923 1631 1957 Testamenti.

407 1993 527 2027 Libros
544 1996 615 2026 tres
632 1991 673 2024 de
691 1989 906 2024 Institutione
924 1987 1143 2022 Clericorum.

410 2057 463 2091 De
480 2055 596 2090 Laude
615 2054 743 2094 Crucis,
761 2053 818 2087 lib.
837 2064 875 2086 11.

412 2120 467 2153 Ad
484 2119 700 2165 Haymonem
718 2117 760 2151 de
778 2115 952 2151 Universa
971 2115 1028 2149 lib.
1046 2125 1139 2148 XXII.

411 2184 463 2217 De
482 2183 698 2229 Proprietate
716 2181 909 2215 Verborum
927 2184 961 2213 et
979 2180 1120 2219 Rerum,
1139 2179 1195 2213 lib.
1215 2188 1308 2212 XXII.

414 2247 466 2280 De
483 2247 614 2281 Rerum
632 2244 780 2284 Naturis,
799 2244 856 2278 lib.
875 2254 938 2277 XV.

414 2310 466 2344 De
483 2310 641 2344 omnibus
659 2307 796 2343 Sanctis
814 2307 991 2345 Homilias,
1010 2306 1067 2340 lib.
1087 2316 1108 2339 Ι.
