1913 2692
268 219 307 247 44
651 218 712 248 DE
751 217 1083 250 SCRIPTORIBUS
1122 218 1283 249 SCOTIS.

732 387 796 422 DE
821 387 966 422 GILDA
992 387 1208 422 ALBANIO.

268 500 408 534 GILDAS
435 499 634 538 ALBANIUS,
662 497 848 538 historicus,
872 498 1012 533 Patricii
1043 498 1276 533 Hibernorum
1305 499 1455 544 Apostoli
1485 498 1677 544 discipulus,

268 575 310 597 ex
332 562 478 597 Albania
501 561 636 596 Scotiae
659 561 835 607 provincia
855 561 1026 601 oriundus,
1052 573 1094 595 ex
1116 562 1210 608 regio
1234 561 1338 596 etiam
1360 562 1535 597 stemmate
1557 562 1677 598 clarus,

269 626 449 672 disciplinis
482 625 680 660 liberalibus
718 625 898 659 affluenter
936 624 1120 660 instructus
1157 625 1247 660 inter
1284 626 1478 660 monachos·
1502 626 1537 660 in
1571 625 1677 660 insula

268 691 308 724 de
342 689 524 729 Cohxmkil,
559 688 618 723 ubi
650 694 733 724 tunc
766 688 861 735 regia
895 688 988 722 sedes
1028 689 1209 724 Scotorum
1242 690 1385 730 fuerat3
1426 690 1479 724 vir
1511 691 1679 725 bonarum

268 754 445 788 literarum
474 753 603 787 summe
630 752 782 798 cupidus,
817 757 852 786 et
886 752 943 798 qui
978 751 1013 787 in
1046 753 1162 788 studiis
1195 765 1264 788 non
1297 754 1565 788 contemnendos
1597 754 1679 789 fecit

268 816 465 864 progressus,
489 817 544 852 sed
567 817 602 851 in
625 816 754 863 pietate
777 816 887 851 multo
909 817 1080 863 maj0res3
1116 818 1306 853 laudandus
1328 818 1433 853 etiam
1463 819 1506 852 ob
1536 818 1680 853 virtutes

267 881 459 927 iingulares,
486 880 577 915 vitae
600 879 859 926 fimplicitatem‚
885 891 1021 914 morum
1044 882 1227 916 eandorem
1251 887 1285 916 et
1308 881 1552 928 integritatem.
1603 881 1681 916 Post

268 944 398 989 patriae
424 944 581 983 scholam,
607 944 651 978 ad
674 943 766 989 spem
792 943 960 978 uberioris
982 944 1167 987 doctrinae,
1191 945 1302 979 adhuc
1326 943 1519 979 adolescens
1542 944 1577 978 in
1601 944 1681 979 Gal—

268 1009 347 1042 liam
382 1007 626 1047 transfretavit,
660 1019 723 1041 nec
756 1007 874 1041 multis
907 1008 978 1053 post
1016 1008 1206 1055 1111οῄ06115
1244 1008 1351 1048 annis,
1386 1007 1421 1042 111
1454 1008 1602 1054 patriam
1635 1009 1681 1043 est

268 1071 429 1112 reversus,
454 1084 495 1106 eo
522 1071 660 1118 negotio
683 1071 852 1117 expedito,
880 1071 933 1105 vir
959 1071 1130 1117 apostolici
1156 1070 1292 1109 ordinis,
1319 1070 1469 1105 maximo
1495 1083 1573 1105 cum
1599 1072 1681 1106 bon—

269 1147 366 1169 orum
390 1135 525 1181 gaudio,
551 1140 587 1170 et
612 1133 903 1169 seleffiffimorum
929 1135 1096 1170 librorum
1123 1134 1342 1181 supelleetile.
1394 1135 1523 1169 Tantae
1550 1134 1676 1170 scilicet

269 1199 469 1233 ‹=1·udjtionis
498 1204 533 1233 et
563 1198 701 1233 virtutis
730 1198 804 1239 fuit,
834 1210 913 1233 cum
942 1198 977 1233 in
1008 1198 1137 1239 Galliis,
1167 1204 1242 1233 tum
1272 1198 1307 1232 in
1336 1198 1456 1244 patria,
1488 1202 1526 1232 ut
1556 1210 1681 1233 nomen

268 1262 440 1308 apostolici
477 1263 605 1297 ordinis
646 1262 790 1308 adeptus
834 1261 882 1302 fit,
921 1263 1012 1297 unde
1052 1263 1095 1297 ad
1129 1262 1226 1296 illum
1266 1267 1432 1308 tanquam
1469 1262 1513 1297 ad
1554 1273 1681 1297 novum

268 1326 454 1372 apostolum
488 1339 531 1361 ex
564 1326 722 1361 omnibus
761 1326 961 1361 Britanniae
1000 1326 1191 1361 confinibus
1228 1326 1455 1365 confluebant,
1490 1329 1530 1359 ut
1563 1326 1607 1359 ab
1640 1336 1681 1360 eo

268 1403 401 1425 morum
430 1391 634 1437 gravitatem
665 1395 700 1425 et
729 1390 904 1437 religionis
932 1390 1169 1430 sinceritatem,
1201 1389 1294 1424 fimu]
1327 1401 1405 1424 cum
1435 1389 1533 1423 bonis
1562 1389 1678 1427 literis,

268 1453 503 1489 addiscerent:
539 1460 613 1489 erat
647 1454 774 1489 etenim
810 1466 879 1488 non
913 1454 1020 1489 solum
1053 1453 1289 1500 philosophiae
1325 1453 1546 1499 omniumque
1580 1453 1681 1490 liber-

268 1519 372 1552 alium
406 1518 532 1552 artium
565 1517 791 1564 peritiffimus,
836 1530 955 1551 verum
991 1517 1095 1552 etiam
1129 1517 1164 1550 111
1202 1516 1320 1550 Veteri
1361 1516 1526 1562 Novoque
1572 1515 1682 1550 Testa-

268 1587 384 1616 mento
411 1581 659 1616 versatiffimus.
711 1581 913 1615 Eruditione
936 1581 995 1615 sua
1025 1580 1153 1626 optime
1181 1579 1258 1614 usus
1288 1579 1360 1619 est3
1393 1579 1477 1613 nulli
1507 1579 1681 1613 scientiam

270 1646 362 1680 suam
406 1646 568 1685 invidens,
609 1645 736 1680 multos
778 1645 960 1691 diligenter
1001 1643 1116 1678 docuit
1161 1655 1249 1689 quae
1298 1642 1462 1677 laboriose
1505 1642 1679 1677 didicerat.

270 1710 385 1744 Eremi
414 1709 564 1744 solitaria
595 1710 782 1756 quaerebat
810 1709 893 1748 loca,
925 1709 960 1742 in
991 1706 1202 1742 orationibus
1231 1711 1334 1752 atque
1356 1706 1495 1752 jejuniis
1524 1704 1680 1745 affiduus,

270 1773 392 1819 vigiliis
414 1778 449 1808 et
471 1773 589 1808 ciliciis
614 1773 766 1819 quotidie
786 1773 981 1807 macerebat
1005 1770 1047 1805 se.
1088 1769 1219 1816 Spiritu
1243 1769 1348 1804 etiam
1374 1768 1574 1815 prophetico
1595 1769 1682 1803 mul-

269 1843 321 1871 tas
348 1837 518 1883 praedixit
547 1837 685 1871 clades:
717 1836 934 1882 praemonuit
963 1840 1003 1869 ut
1032 1834 1178 1880 populus
1208 1838 1243 1868 et
1272 1833 1384 1868 clerus
1413 1833 1519 1868 totius
1546 1833 1683 1868 Britan-

269 1901 355 1940 niae,
390 1900 413 1934 fi
448 1901 749 1947 supereventuram
778 1900 909 1935 cladem
939 1900 1088 1944 effugere
1121 1897 1238 1937 velint,
1273 1909 1376 1943 quam
1410 1895 1563 1931 citissime
1597 1897 1682 1931 reci-

269 1964 457 2009 piscerent:
484 1964 575 2010 quod
604 1963 663 1998 suo
688 1968 843 2009 tempore
872 1968 1014 2009 propter
1042 1966 1277 2007 contemptum
1302 1960 1398 1996 verbi
1424 1960 1528 1995 divini
1557 1960 1679 1995 evenit.

270 2027 374 2062 Varia
398 2032 478 2062 ante
501 2027 592 2062 vitae
616 2027 720 2061 finem
745 2025 880 2072 scripsit,
904 2037 992 2072 quae
1020 2037 1063 2059 ex
1088 2025 1270 2059 doctorum
1291 2024 1441 2058 virorum
1466 2023 1680 2058 bibliothecis

269 2091 415 2126 collecta
434 2091 583 2131 fuerunt,
602 2102 645 2125 ex
667 2090 791 2136 quibus
811 2089 975 2124 nonnulla
995 2088 1094 2123 MSS.
1111 2088 1236 2123 servari
1259 2088 1420 2123 dicuntur
1439 2086 1680 2132 Cantabrigiae

269 2155 303 2187 111
322 2154 458 2199 publica
475 2154 668 2189 academiae
686 2153 903 2188 bibliotheca.
955 2153 1111 2198 Utroque
1128 2151 1295 2187 scribendi
1312 2163 1437 2198 genere
1455 2149 1642 2189 contexuit,

412 2217 679 2253 Concordantias
696 2217 732 2252 in
749 2222 897 2263 quatuor
913 2216 1109 2262 Evangelia,
1127 2215 1185 2251 lib.
1203 2225 1254 2250 IV.

412 2280 465 2315 De
482 2280 601 2328 primis
617 2280 742 2316 Incolis
759 2279 901 2320 Insulae,
919 2279 977 2314 lib.
995 2289 1019 2314 1.
