<?xml version="1.0" encoding="UTF-8"?>
<!DOCTYPE html PUBLIC "-//W3C//DTD XHTML 1.0 Transitional//EN"
    "http://www.w3.org/TR/xhtml1/DTD/xhtml1-transitional.dtd">
<html xmlns="http://www.w3.org/1999/xhtml" xml:lang="en" lang="en">
 <head>
  <title>
</title>
<meta http-equiv="Content-Type" content="text/html;charset=utf-8" />
  <meta name='ocr-system' content='tesseract 3.04.00' />
  <meta name='ocr-capabilities' content='ocr_page ocr_carea ocr_par ocr_line ocrx_word'/>
</head>
<body>
  <div class='ocr_page' id='page_1' title='image "./davidisbuchanani00bann_0046.png"; bbox 0 0 1913 2692; ppageno 0'>
   <div class='ocr_carea' id='block_1_1' title="bbox 315 240 1333 272">
    <p class='ocr_par' dir='ltr' id='par_1_1' title="bbox 315 240 1333 272">
     <span class='ocr_line' id='line_1_1' title="bbox 315 240 1333 272; baseline -0.002 -1"><span class='ocrx_word' id='word_1_1' title='bbox 315 244 356 271; x_wconf 61' lang='lat'>24</span> <span class='ocrx_word' id='word_1_2' title='bbox 699 241 760 271; x_wconf 81' lang='lat' dir='ltr'>DE</span> <span class='ocrx_word' id='word_1_3' title='bbox 800 240 1132 272; x_wconf 85' lang='lat' dir='ltr'>SCRIPTORIBUS</span> <span class='ocrx_word' id='word_1_4' title='bbox 1170 240 1333 270; x_wconf 82' lang='lat' dir='ltr'>SCOTIS.</span> 
     </span>
    </p>
   </div>
   <div class='ocr_carea' id='block_1_2' title="bbox 308 330 1725 1272">
    <p class='ocr_par' dir='ltr' id='par_1_2' title="bbox 308 330 1725 761">
     <span class='ocr_line' id='line_1_2' title="bbox 315 330 1725 378; baseline -0.001 -11"><span class='ocrx_word' id='word_1_5' title='bbox 315 333 361 367; x_wconf 81' lang='lat' dir='ltr'>est</span> <span class='ocrx_word' id='word_1_6' title='bbox 401 333 584 378; x_wconf 62' lang='lat' dir='ltr'>profefftus‚</span> <span class='ocrx_word' id='word_1_7' title='bbox 628 333 687 366; x_wconf 88' lang='lat' dir='ltr'>ubi</span> <span class='ocrx_word' id='word_1_8' title='bbox 732 333 764 367; x_wconf 85' lang='lat' dir='ltr'>se</span> <span class='ocrx_word' id='word_1_9' title='bbox 808 331 984 366; x_wconf 88' lang='lat' dir='ltr'>monachis</span> <span class='ocrx_word' id='word_1_10' title='bbox 1015 332 1178 366; x_wconf 84' lang='lat' dir='ltr'>fratribus</span> <span class='ocrx_word' id='word_1_11' title='bbox 1221 331 1256 364; x_wconf 85' lang='lat' dir='ltr'>in</span> <span class='ocrx_word' id='word_1_12' title='bbox 1292 330 1475 365; x_wconf 86' lang='lat' dir='ltr'>Crolandio</span> <span class='ocrx_word' id='word_1_13' title='bbox 1519 331 1725 366; x_wconf 84' lang='lat' dir='ltr'>Monasterio</span> 
     </span>
     <span class='ocr_line' id='line_1_3' title="bbox 308 394 1725 447; baseline -0.001 -17"><span class='ocrx_word' id='word_1_14' title='bbox 308 397 481 447; x_wconf 63' lang='lat' dir='ltr'>junxerat,</span> <span class='ocrx_word' id='word_1_15' title='bbox 505 397 595 443; x_wconf 83' lang='lat' dir='ltr'>apud</span> <span class='ocrx_word' id='word_1_16' title='bbox 619 408 704 442; x_wconf 82' lang='lat' dir='ltr'>quos</span> <span class='ocrx_word' id='word_1_17' title='bbox 725 409 889 442; x_wconf 84' lang='lat' dir='ltr'>magnum</span> <span class='ocrx_word' id='word_1_18' title='bbox 911 408 1037 430; x_wconf 89' lang='lat' dir='ltr'>nomen</span> <span class='ocrx_word' id='word_1_19' title='bbox 1060 395 1261 429; x_wconf 71' lang='lat' dir='ltr'>eruditionis</span> <span class='ocrx_word' id='word_1_20' title='bbox 1286 395 1332 429; x_wconf 86' lang='lat' dir='ltr'>est</span> <span class='ocrx_word' id='word_1_21' title='bbox 1356 394 1508 440; x_wconf 83' lang='lat' dir='ltr'>adeptus.</span> <span class='ocrx_word' id='word_1_22' title='bbox 1560 395 1725 429; x_wconf 85' lang='lat' dir='ltr'>Exercuit</span> 
     </span>
     <span class='ocr_line' id='line_1_4' title="bbox 313 458 1725 507; baseline -0.002 -12"><span class='ocrx_word' id='word_1_23' title='bbox 313 461 426 505; x_wconf 85' lang='lat' dir='ltr'>postea</span> <span class='ocrx_word' id='word_1_24' title='bbox 460 461 635 507; x_wconf 79' lang='lat' dir='ltr'>ingenium</span> <span class='ocrx_word' id='word_1_25' title='bbox 665 472 734 494; x_wconf 89' lang='lat' dir='ltr'>non</span> <span class='ocrx_word' id='word_1_26' title='bbox 769 460 871 494; x_wconf 90' lang='lat' dir='ltr'>modo</span> <span class='ocrx_word' id='word_1_27' title='bbox 901 460 936 494; x_wconf 90' lang='lat' dir='ltr'>in</span> <span class='ocrx_word' id='word_1_28' title='bbox 970 459 1079 494; x_wconf 85' lang='lat' dir='ltr'>soluta</span> <span class='ocrx_word' id='word_1_29' title='bbox 1112 459 1276 498; x_wconf 83' lang='lat' dir='ltr'>oratione,</span> <span class='ocrx_word' id='word_1_30' title='bbox 1306 464 1345 492; x_wconf 87' lang='lat' dir='ltr'>ut</span> <span class='ocrx_word' id='word_1_31' title='bbox 1377 458 1519 492; x_wconf 83' lang='lat' dir='ltr'>testatur</span> <span class='ocrx_word' id='word_1_32' title='bbox 1555 458 1725 493; x_wconf 85' lang='lat' dir='ltr'>Lelandus</span> 
     </span>
     <span class='ocr_line' id='line_1_5' title="bbox 314 522 1725 570; baseline -0.001 -12"><span class='ocrx_word' id='word_1_33' title='bbox 314 525 454 570; x_wconf 82' lang='lat' dir='ltr'>Anglus‚</span> <span class='ocrx_word' id='word_1_34' title='bbox 498 536 616 558; x_wconf 82' lang='lat' dir='ltr'>verum</span> <span class='ocrx_word' id='word_1_35' title='bbox 651 524 755 558; x_wconf 89' lang='lat' dir='ltr'>etiam</span> <span class='ocrx_word' id='word_1_36' title='bbox 788 523 948 563; x_wconf 83' lang='lat' dir='ltr'>carmine,</span> <span class='ocrx_word' id='word_1_37' title='bbox 982 534 1060 557; x_wconf 86' lang='lat' dir='ltr'>cum</span> <span class='ocrx_word' id='word_1_38' title='bbox 1101 522 1195 556; x_wconf 87' lang='lat' dir='ltr'>Scoti</span> <span class='ocrx_word' id='word_1_39' title='bbox 1230 522 1420 567; x_wconf 81' lang='lat' dir='ltr'>plerunque</span> <span class='ocrx_word' id='word_1_40' title='bbox 1458 534 1479 556; x_wconf 88' lang='lat' dir='ltr'>a</span> <span class='ocrx_word' id='word_1_41' title='bbox 1525 527 1648 556; x_wconf 86' lang='lat' dir='ltr'>natura</span> <span class='ocrx_word' id='word_1_42' title='bbox 1690 523 1725 556; x_wconf 92' lang='lat' dir='ltr'>in</span> 
     </span>
     <span class='ocr_line' id='line_1_6' title="bbox 313 586 1724 634; baseline -0.001 -12"><span class='ocrx_word' id='word_1_43' title='bbox 313 588 376 622; x_wconf 85' lang='lat' dir='ltr'>hoc</span> <span class='ocrx_word' id='word_1_44' title='bbox 401 600 526 634; x_wconf 85' lang='lat' dir='ltr'>genere</span> <span class='ocrx_word' id='word_1_45' title='bbox 557 587 737 622; x_wconf 82' lang='lat' dir='ltr'>excellant.</span> <span class='ocrx_word' id='word_1_46' title='bbox 789 587 829 620; x_wconf 89' lang='lat' dir='ltr'>In</span> <span class='ocrx_word' id='word_1_47' title='bbox 859 587 943 621; x_wconf 87' lang='lat' dir='ltr'>flore</span> <span class='ocrx_word' id='word_1_48' title='bbox 972 587 1063 621; x_wconf 87' lang='lat' dir='ltr'>enim</span> <span class='ocrx_word' id='word_1_49' title='bbox 1087 586 1280 631; x_wconf 85' lang='lat' dir='ltr'>juventutis</span> <span class='ocrx_word' id='word_1_50' title='bbox 1311 591 1496 631; x_wconf 76' lang='lat' dir='ltr'>antequam</span> <span class='ocrx_word' id='word_1_51' title='bbox 1523 586 1567 620; x_wconf 90' lang='lat' dir='ltr'>ad</span> <span class='ocrx_word' id='word_1_52' title='bbox 1595 592 1724 620; x_wconf 88' lang='lat' dir='ltr'>matur-</span> 
     </span>
     <span class='ocr_line' id='line_1_7' title="bbox 312 648 1724 696; baseline 0 -11"><span class='ocrx_word' id='word_1_53' title='bbox 312 664 367 685; x_wconf 89' lang='lat' dir='ltr'>am</span> <span class='ocrx_word' id='word_1_54' title='bbox 410 656 561 686; x_wconf 86' lang='lat' dir='ltr'>aetatem</span> <span class='ocrx_word' id='word_1_55' title='bbox 604 648 818 696; x_wconf 64' lang='lat' dir='ltr'>pervenisset,</span> <span class='ocrx_word' id='word_1_56' title='bbox 852 650 937 684; x_wconf 88' lang='lat' dir='ltr'>haec</span> <span class='ocrx_word' id='word_1_57' title='bbox 975 655 1199 684; x_wconf 86' lang='lat' dir='ltr'>monumenta</span> <span class='ocrx_word' id='word_1_58' title='bbox 1232 649 1377 684; x_wconf 75' lang='lat' dir='ltr'>eximiae</span> <span class='ocrx_word' id='word_1_59' title='bbox 1413 651 1613 686; x_wconf 84' lang='lat' dir='ltr'>eruditionis</span> <span class='ocrx_word' id='word_1_60' title='bbox 1646 652 1724 685; x_wconf 87' lang='lat' dir='ltr'>reli-</span> 
     </span>
     <span class='ocr_line' id='line_1_8' title="bbox 314 716 397 761; baseline 0 -12"><span class='ocrx_word' id='word_1_61' title='bbox 314 716 397 761; x_wconf 88' lang='lat' dir='ltr'>quit.</span> 
     </span>
    </p>

    <p class='ocr_par' dir='ltr' id='par_1_3' title="bbox 457 776 1725 823">
     <span class='ocr_line' id='line_1_9' title="bbox 457 776 1725 823; baseline 0 -10"><span class='ocrx_word' id='word_1_62' title='bbox 457 780 573 815; x_wconf 84' lang='lat' dir='ltr'>Vitam</span> <span class='ocrx_word' id='word_1_63' title='bbox 603 779 775 814; x_wconf 91' lang='lat' dir='ltr'>Edmundi</span> <span class='ocrx_word' id='word_1_64' title='bbox 804 778 1108 823; x_wconf 81' lang='lat' dir='ltr'>Ostro-Anglorum</span> <span class='ocrx_word' id='word_1_65' title='bbox 1139 777 1253 823; x_wconf 83' lang='lat' dir='ltr'>Regis,</span> <span class='ocrx_word' id='word_1_66' title='bbox 1287 776 1435 811; x_wconf 83' lang='lat' dir='ltr'>verlibus</span> <span class='ocrx_word' id='word_1_67' title='bbox 1468 778 1613 812; x_wconf 83' lang='lat' dir='ltr'>heroicis</span> <span class='ocrx_word' id='word_1_68' title='bbox 1646 791 1725 813; x_wconf 87' lang='lat' dir='ltr'>con-</span> 
     </span>
    </p>

    <p class='ocr_par' dir='ltr' id='par_1_4' title="bbox 504 843 674 889">
     <span class='ocr_line' id='line_1_10' title="bbox 504 843 674 889; baseline -0.012 -11"><span class='ocrx_word' id='word_1_69' title='bbox 504 843 674 889; x_wconf 87' lang='lat' dir='ltr'>scriptam.</span> 
     </span>
    </p>

    <p class='ocr_par' dir='ltr' id='par_1_5' title="bbox 457 905 992 942">
     <span class='ocr_line' id='line_1_11' title="bbox 457 905 992 942; baseline -0.004 -2"><span class='ocrx_word' id='word_1_70' title='bbox 457 907 572 942; x_wconf 84' lang='lat' dir='ltr'>Vitam</span> <span class='ocrx_word' id='word_1_71' title='bbox 590 907 691 941; x_wconf 84' lang='lat' dir='ltr'>Necti</span> <span class='ocrx_word' id='word_1_72' title='bbox 710 905 815 940; x_wconf 84' lang='lat' dir='ltr'>etiam</span> <span class='ocrx_word' id='word_1_73' title='bbox 832 905 992 939; x_wconf 81' lang='lat' dir='ltr'>carmine.</span> 
     </span>
    </p>

    <p class='ocr_par' dir='ltr' id='par_1_6' title="bbox 458 967 1212 1017">
     <span class='ocr_line' id='line_1_12' title="bbox 458 967 1212 1017; baseline -0.007 -12"><span class='ocrx_word' id='word_1_74' title='bbox 458 971 510 1005; x_wconf 92' lang='lat' dir='ltr'>De</span> <span class='ocrx_word' id='word_1_75' title='bbox 528 970 680 1017; x_wconf 83' lang='lat' dir='ltr'>legendis</span> <span class='ocrx_word' id='word_1_76' title='bbox 698 969 924 1003; x_wconf 86' lang='lat' dir='ltr'>Ethnicorum</span> <span class='ocrx_word' id='word_1_77' title='bbox 943 967 1094 1013; x_wconf 81' lang='lat' dir='ltr'>Scriptis,</span> <span class='ocrx_word' id='word_1_78' title='bbox 1114 967 1170 1001; x_wconf 88' lang='lat' dir='ltr'>lib.</span> <span class='ocrx_word' id='word_1_79' title='bbox 1190 978 1212 1000; x_wconf 91' lang='lat'>1.</span> 
     </span>
    </p>

    <p class='ocr_par' dir='ltr' id='par_1_7' title="bbox 458 1032 928 1079">
     <span class='ocr_line' id='line_1_13' title="bbox 458 1032 928 1079; baseline -0.004 -11"><span class='ocrx_word' id='word_1_80' title='bbox 458 1035 509 1069; x_wconf 92' lang='lat' dir='ltr'>De</span> <span class='ocrx_word' id='word_1_81' title='bbox 528 1034 616 1068; x_wconf 86' lang='lat' dir='ltr'>Vitis</span> <span class='ocrx_word' id='word_1_82' title='bbox 634 1032 928 1079; x_wconf 80' lang='lat' dir='ltr'>Philosophorum.</span> 
     </span>
    </p>

    <p class='ocr_par' dir='ltr' id='par_1_8' title="bbox 312 1096 1724 1272">
     <span class='ocr_line' id='line_1_14' title="bbox 457 1096 1027 1144; baseline -0.005 -11"><span class='ocrx_word' id='word_1_83' title='bbox 457 1099 568 1144; x_wconf 87' lang='lat' dir='ltr'>Super</span> <span class='ocrx_word' id='word_1_84' title='bbox 585 1098 716 1132; x_wconf 84' lang='lat' dir='ltr'>Bedam</span> <span class='ocrx_word' id='word_1_85' title='bbox 734 1097 776 1131; x_wconf 93' lang='lat' dir='ltr'>de</span> <span class='ocrx_word' id='word_1_86' title='bbox 794 1096 1027 1142; x_wconf 84' lang='lat' dir='ltr'>Temporibus.</span> 
     </span>
     <span class='ocr_line' id='line_1_15' title="bbox 312 1159 1724 1208; baseline -0.004 -11"><span class='ocrx_word' id='word_1_87' title='bbox 312 1163 444 1198; x_wconf 86' lang='lat' dir='ltr'>Claruit</span> <span class='ocrx_word' id='word_1_88' title='bbox 483 1174 572 1197; x_wconf 87' lang='lat' dir='ltr'>anno</span> <span class='ocrx_word' id='word_1_89' title='bbox 598 1161 729 1208; x_wconf 84' lang='lat' dir='ltr'>gratiae</span> <span class='ocrx_word' id='word_1_90' title='bbox 759 1172 820 1206; x_wconf 84' lang='lat' dir='ltr'>per</span> <span class='ocrx_word' id='word_1_91' title='bbox 855 1159 1025 1195; x_wconf 85' lang='lat' dir='ltr'>Christum</span> <span class='ocrx_word' id='word_1_92' title='bbox 1053 1159 1259 1193; x_wconf 81' lang='lat' dir='ltr'>servatorem</span> <span class='ocrx_word' id='word_1_93' title='bbox 1298 1161 1399 1197; x_wconf 75' lang='lat'>1178,</span> <span class='ocrx_word' id='word_1_94' title='bbox 1440 1165 1606 1204; x_wconf 74' lang='lat' dir='ltr'>regnante</span> <span class='ocrx_word' id='word_1_95' title='bbox 1642 1159 1724 1192; x_wconf 85' lang='lat' dir='ltr'>Wil-</span> 
     </span>
     <span class='ocr_line' id='line_1_16' title="bbox 312 1226 733 1272; baseline -0.007 -11"><span class='ocrx_word' id='word_1_96' title='bbox 312 1227 426 1261; x_wconf 89' lang='lat' dir='ltr'>hehno</span> <span class='ocrx_word' id='word_1_97' title='bbox 443 1238 524 1272; x_wconf 86' lang='lat' dir='ltr'>rege</span> <span class='ocrx_word' id='word_1_98' title='bbox 543 1226 733 1260; x_wconf 85' lang='lat' dir='ltr'>Scotorum.</span> 
     </span>
    </p>
   </div>
   <div class='ocr_carea' id='block_1_3' title="bbox 750 1365 1272 1401">
    <p class='ocr_par' dir='ltr' id='par_1_9' title="bbox 750 1365 1272 1401">
     <span class='ocr_line' id='line_1_17' title="bbox 750 1365 1272 1401; baseline 0 -1"><span class='ocrx_word' id='word_1_99' title='bbox 750 1366 813 1400; x_wconf 91' lang='lat' dir='ltr'>DE</span> <span class='ocrx_word' id='word_1_100' title='bbox 840 1365 1018 1400; x_wconf 80' lang='lat' dir='ltr'><strong>SANCTO</strong></span> <span class='ocrx_word' id='word_1_101' title='bbox 1045 1365 1272 1401; x_wconf 85' lang='lat' dir='ltr'>FURSAEO.</span> 
     </span>
    </p>
   </div>
   <div class='ocr_carea' id='block_1_4' title="bbox 311 1476 1726 2343">
    <p class='ocr_par' dir='ltr' id='par_1_10' title="bbox 311 1476 1726 2343">
     <span class='ocr_line' id='line_1_18' title="bbox 312 1476 1723 1517; baseline -0.001 -3"><span class='ocrx_word' id='word_1_102' title='bbox 312 1480 507 1514; x_wconf 76' lang='lat' dir='ltr'><strong>FURSAEUS</strong></span> <span class='ocrx_word' id='word_1_103' title='bbox 540 1478 592 1511; x_wconf 82' lang='lat' dir='ltr'>vir</span> <span class='ocrx_word' id='word_1_104' title='bbox 625 1477 738 1511; x_wconf 83' lang='lat' dir='ltr'>fuerat</span> <span class='ocrx_word' id='word_1_105' title='bbox 771 1476 861 1510; x_wconf 84' lang='lat' dir='ltr'>vitae</span> <span class='ocrx_word' id='word_1_106' title='bbox 903 1476 1114 1515; x_wconf 82' lang='lat' dir='ltr'>venerabilis,</span> <span class='ocrx_word' id='word_1_107' title='bbox 1154 1477 1190 1511; x_wconf 91' lang='lat' dir='ltr'>in</span> <span class='ocrx_word' id='word_1_108' title='bbox 1227 1477 1349 1512; x_wconf 86' lang='lat' dir='ltr'>Infulis</span> <span class='ocrx_word' id='word_1_109' title='bbox 1384 1477 1576 1512; x_wconf 83' lang='lat' dir='ltr'>Hebridum</span> <span class='ocrx_word' id='word_1_110' title='bbox 1614 1483 1723 1517; x_wconf 84' lang='lat' dir='ltr'>natus,</span> 
     </span>
     <span class='ocr_line' id='line_1_19' title="bbox 312 1539 1725 1587; baseline -0.001 -10"><span class='ocrx_word' id='word_1_111' title='bbox 312 1543 436 1578; x_wconf 86' lang='lat' dir='ltr'>nobilis</span> <span class='ocrx_word' id='word_1_112' title='bbox 474 1541 612 1587; x_wconf 87' lang='lat' dir='ltr'>quidem</span> <span class='ocrx_word' id='word_1_113' title='bbox 644 1552 770 1587; x_wconf 86' lang='lat' dir='ltr'>genere</span> <span class='ocrx_word' id='word_1_114' title='bbox 810 1539 867 1574; x_wconf 83' lang='lat' dir='ltr'>sed</span> <span class='ocrx_word' id='word_1_115' title='bbox 899 1539 1046 1574; x_wconf 85' lang='lat' dir='ltr'>nobilior</span> <span class='ocrx_word' id='word_1_116' title='bbox 1079 1540 1155 1579; x_wconf 89' lang='lat' dir='ltr'>fide,</span> <span class='ocrx_word' id='word_1_117' title='bbox 1186 1541 1287 1576; x_wconf 86' lang='lat' dir='ltr'>seculi</span> <span class='ocrx_word' id='word_1_118' title='bbox 1322 1541 1488 1587; x_wconf 81' lang='lat' dir='ltr'>dignitate</span> <span class='ocrx_word' id='word_1_119' title='bbox 1522 1542 1613 1576; x_wconf 88' lang='lat' dir='ltr'>inter</span> <span class='ocrx_word' id='word_1_120' title='bbox 1650 1541 1725 1575; x_wconf 88' lang='lat' dir='ltr'>suos</span> 
     </span>
     <span class='ocr_line' id='line_1_20' title="bbox 311 1603 1723 1650; baseline -0.002 -8"><span class='ocrx_word' id='word_1_121' title='bbox 311 1608 431 1646; x_wconf 53' lang='lat' dir='ltr'>clama</span> <span class='ocrx_word' id='word_1_122' title='bbox 458 1606 515 1640; x_wconf 90' lang='lat' dir='ltr'>sed</span> <span class='ocrx_word' id='word_1_123' title='bbox 538 1605 653 1639; x_wconf 83' lang='lat' dir='ltr'>divina</span> <span class='ocrx_word' id='word_1_124' title='bbox 679 1604 791 1650; x_wconf 85' lang='lat' dir='ltr'>gratia</span> <span class='ocrx_word' id='word_1_125' title='bbox 817 1603 944 1648; x_wconf 85' lang='lat' dir='ltr'>ubique</span> <span class='ocrx_word' id='word_1_126' title='bbox 969 1605 1194 1650; x_wconf 84' lang='lat' dir='ltr'>praecipuus;</span> <span class='ocrx_word' id='word_1_127' title='bbox 1221 1610 1295 1640; x_wconf 87' lang='lat' dir='ltr'>erat</span> <span class='ocrx_word' id='word_1_128' title='bbox 1321 1605 1412 1639; x_wconf 87' lang='lat' dir='ltr'>enim</span> <span class='ocrx_word' id='word_1_129' title='bbox 1438 1606 1547 1640; x_wconf 87' lang='lat' dir='ltr'>forma</span> <span class='ocrx_word' id='word_1_130' title='bbox 1572 1606 1723 1643; x_wconf 82' lang='lat' dir='ltr'>decorus,</span> 
     </span>
     <span class='ocr_line' id='line_1_21' title="bbox 312 1666 1725 1717; baseline -0.002 -11"><span class='ocrx_word' id='word_1_131' title='bbox 312 1682 454 1717; x_wconf 87' lang='lat' dir='ltr'>corpore</span> <span class='ocrx_word' id='word_1_132' title='bbox 481 1669 598 1709; x_wconf 80' lang='lat' dir='ltr'>castus,</span> <span class='ocrx_word' id='word_1_133' title='bbox 626 1673 742 1702; x_wconf 85' lang='lat' dir='ltr'>mente</span> <span class='ocrx_word' id='word_1_134' title='bbox 770 1667 922 1706; x_wconf 81' lang='lat' dir='ltr'>devotus,</span> <span class='ocrx_word' id='word_1_135' title='bbox 953 1666 1097 1702; x_wconf 81' lang='lat' dir='ltr'>affabilis</span> <span class='ocrx_word' id='word_1_136' title='bbox 1123 1668 1303 1714; x_wconf 53' lang='lat' dir='ltr'>colloquio„</span> <span class='ocrx_word' id='word_1_137' title='bbox 1334 1669 1490 1703; x_wconf 87' lang='lat' dir='ltr'>amabilis</span> <span class='ocrx_word' id='word_1_138' title='bbox 1515 1669 1664 1715; x_wconf 58' lang='lat' dir='ltr'>aspectu,</span> <span class='ocrx_word' id='word_1_139' title='bbox 1692 1674 1725 1703; x_wconf 85' lang='lat' dir='ltr'>et</span> 
     </span>
     <span class='ocr_line' id='line_1_22' title="bbox 312 1730 1725 1779; baseline -0.002 -9"><span class='ocrx_word' id='word_1_140' title='bbox 312 1737 480 1770; x_wconf 89' lang='lat' dir='ltr'>bonorum</span> <span class='ocrx_word' id='word_1_141' title='bbox 514 1744 657 1779; x_wconf 88' lang='lat' dir='ltr'>operum</span> <span class='ocrx_word' id='word_1_142' title='bbox 691 1737 725 1766; x_wconf 91' lang='lat' dir='ltr'>et</span> <span class='ocrx_word' id='word_1_143' title='bbox 758 1730 890 1777; x_wconf 84' lang='lat' dir='ltr'>gratiae</span> <span class='ocrx_word' id='word_1_144' title='bbox 924 1730 1053 1776; x_wconf 82' lang='lat' dir='ltr'>plenus,</span> <span class='ocrx_word' id='word_1_145' title='bbox 1088 1732 1131 1766; x_wconf 86' lang='lat' dir='ltr'>ab</span> <span class='ocrx_word' id='word_1_146' title='bbox 1164 1732 1309 1767; x_wconf 85' lang='lat' dir='ltr'>infantia</span> <span class='ocrx_word' id='word_1_147' title='bbox 1342 1732 1377 1766; x_wconf 91' lang='lat' dir='ltr'>in</span> <span class='ocrx_word' id='word_1_148' title='bbox 1411 1732 1513 1767; x_wconf 83' lang='lat' dir='ltr'>sacris</span> <span class='ocrx_word' id='word_1_149' title='bbox 1549 1733 1658 1768; x_wconf 87' lang='lat' dir='ltr'>literis</span> <span class='ocrx_word' id='word_1_150' title='bbox 1691 1739 1725 1767; x_wconf 87' lang='lat' dir='ltr'>et</span> 
     </span>
     <span class='ocr_line' id='line_1_23' title="bbox 313 1794 1726 1843; baseline -0.002 -9"><span class='ocrx_word' id='word_1_151' title='bbox 313 1798 504 1834; x_wconf 84' lang='lat' dir='ltr'>monasticis</span> <span class='ocrx_word' id='word_1_152' title='bbox 534 1796 717 1843; x_wconf 84' lang='lat' dir='ltr'>disciplinis</span> <span class='ocrx_word' id='word_1_153' title='bbox 747 1794 911 1829; x_wconf 82' lang='lat' dir='ltr'>eruditus.</span> <span class='ocrx_word' id='word_1_154' title='bbox 962 1794 1004 1828; x_wconf 92' lang='lat' dir='ltr'>In</span> <span class='ocrx_word' id='word_1_155' title='bbox 1033 1794 1195 1841; x_wconf 86' lang='lat' dir='ltr'>Angliam</span> <span class='ocrx_word' id='word_1_156' title='bbox 1225 1808 1302 1830; x_wconf 89' lang='lat' dir='ltr'>cum</span> <span class='ocrx_word' id='word_1_157' title='bbox 1333 1796 1450 1842; x_wconf 88' lang='lat' dir='ltr'>paucis</span> <span class='ocrx_word' id='word_1_158' title='bbox 1478 1797 1641 1832; x_wconf 71' lang='lat' dir='ltr'>fiatribus</span> <span class='ocrx_word' id='word_1_159' title='bbox 1668 1797 1726 1831; x_wconf 88' lang='lat' dir='ltr'>ad—</span> 
     </span>
     <span class='ocr_line' id='line_1_24' title="bbox 314 1858 1726 1907; baseline -0.002 -9"><span class='ocrx_word' id='word_1_160' title='bbox 314 1863 461 1901; x_wconf 68' lang='lat' dir='ltr'>veniens,</span> <span class='ocrx_word' id='word_1_161' title='bbox 496 1874 517 1896; x_wconf 90' lang='lat' dir='ltr'>a</span> <span class='ocrx_word' id='word_1_162' title='bbox 545 1872 625 1907; x_wconf 82' lang='lat' dir='ltr'>rege</span> <span class='ocrx_word' id='word_1_163' title='bbox 656 1859 885 1894; x_wconf 82' lang='lat' dir='ltr'>Orientalium</span> <span class='ocrx_word' id='word_1_164' title='bbox 920 1858 1095 1893; x_wconf 78' lang='lat' dir='ltr'>Saxonum</span> <span class='ocrx_word' id='word_1_165' title='bbox 1126 1859 1306 1905; x_wconf 83' lang='lat' dir='ltr'>Sigeberto</span> <span class='ocrx_word' id='word_1_166' title='bbox 1340 1861 1526 1895; x_wconf 86' lang='lat' dir='ltr'>honorifice</span> <span class='ocrx_word' id='word_1_167' title='bbox 1555 1860 1726 1907; x_wconf 87' lang='lat' dir='ltr'>susceptus</span> 
     </span>
     <span class='ocr_line' id='line_1_25' title="bbox 313 1921 1726 1969; baseline -0.002 -8"><span class='ocrx_word' id='word_1_168' title='bbox 313 1927 368 1962; x_wconf 81' lang='lat' dir='ltr'>est.</span> <span class='ocrx_word' id='word_1_169' title='bbox 398 1926 457 1960; x_wconf 90' lang='lat' dir='ltr'>ubi</span> <span class='ocrx_word' id='word_1_170' title='bbox 487 1925 523 1959; x_wconf 87' lang='lat' dir='ltr'>in</span> <span class='ocrx_word' id='word_1_171' title='bbox 552 1922 826 1969; x_wconf 76' lang='lat' dir='ltr'>Knobereiburg,</span> <span class='ocrx_word' id='word_1_172' title='bbox 853 1921 1014 1968; x_wconf 80' lang='lat' dir='ltr'>permifl&#39;u</span> <span class='ocrx_word' id='word_1_173' title='bbox 1054 1923 1144 1969; x_wconf 83' lang='lat' dir='ltr'>regis</span> <span class='ocrx_word' id='word_1_174' title='bbox 1172 1923 1351 1969; x_wconf 83' lang='lat' dir='ltr'>Sigeberti‚</span> <span class='ocrx_word' id='word_1_175' title='bbox 1378 1924 1618 1959; x_wconf 83' lang='lat' dir='ltr'>monasterium</span> <span class='ocrx_word' id='word_1_176' title='bbox 1647 1936 1726 1958; x_wconf 87' lang='lat' dir='ltr'>con-</span> 
     </span>
     <span class='ocr_line' id='line_1_26' title="bbox 314 1985 1726 2034; baseline -0.001 -11"><span class='ocrx_word' id='word_1_177' title='bbox 314 1989 444 2028; x_wconf 75' lang='lat' dir='ltr'>struxit,</span> <span class='ocrx_word' id='word_1_178' title='bbox 475 1987 566 2034; x_wconf 90' lang='lat' dir='ltr'>quod</span> <span class='ocrx_word' id='word_1_179' title='bbox 599 1986 812 2033; x_wconf 87' lang='lat' dir='ltr'>postmodum</span> <span class='ocrx_word' id='word_1_180' title='bbox 844 1986 946 2019; x_wconf 82' lang='lat' dir='ltr'>Anna</span> <span class='ocrx_word' id='word_1_181' title='bbox 975 1985 1047 2030; x_wconf 87' lang='lat' dir='ltr'>ejus</span> <span class='ocrx_word' id='word_1_182' title='bbox 1079 1987 1273 2032; x_wconf 78' lang='lat' dir='ltr'>provinciae</span> <span class='ocrx_word' id='word_1_183' title='bbox 1303 2000 1364 2022; x_wconf 83' lang='lat' dir='ltr'>rex</span> <span class='ocrx_word' id='word_1_184' title='bbox 1395 1988 1556 2022; x_wconf 85' lang='lat' dir='ltr'>aedificiis</span> <span class='ocrx_word' id='word_1_185' title='bbox 1586 1993 1621 2022; x_wconf 88' lang='lat' dir='ltr'>et</span> <span class='ocrx_word' id='word_1_186' title='bbox 1652 1988 1726 2034; x_wconf 86' lang='lat' dir='ltr'>pos-</span> 
     </span>
     <span class='ocr_line' id='line_1_27' title="bbox 315 2049 1725 2088; baseline -0.002 0"><span class='ocrx_word' id='word_1_187' title='bbox 315 2053 509 2088; x_wconf 81' lang='lat' dir='ltr'>sessionibus</span> <span class='ocrx_word' id='word_1_188' title='bbox 542 2063 611 2086; x_wconf 88' lang='lat' dir='ltr'>non</span> <span class='ocrx_word' id='word_1_189' title='bbox 644 2050 776 2086; x_wconf 87' lang='lat' dir='ltr'>modice</span> <span class='ocrx_word' id='word_1_190' title='bbox 806 2049 912 2084; x_wconf 75' lang='lat' dir='ltr'>auxit.</span> <span class='ocrx_word' id='word_1_191' title='bbox 975 2049 1102 2084; x_wconf 81' lang='lat' dir='ltr'>Curam</span> <span class='ocrx_word' id='word_1_192' title='bbox 1139 2051 1331 2085; x_wconf 75' lang='lat' dir='ltr'>monasterii</span> <span class='ocrx_word' id='word_1_193' title='bbox 1367 2051 1464 2086; x_wconf 84' lang='lat' dir='ltr'>fratri</span> <span class='ocrx_word' id='word_1_194' title='bbox 1497 2051 1556 2085; x_wconf 88' lang='lat' dir='ltr'>suo</span> <span class='ocrx_word' id='word_1_195' title='bbox 1583 2051 1725 2087; x_wconf 88' lang='lat' dir='ltr'>Follano</span> 
     </span>
     <span class='ocr_line' id='line_1_28' title="bbox 314 2113 1724 2161; baseline -0.002 -9"><span class='ocrx_word' id='word_1_196' title='bbox 314 2118 454 2153; x_wconf 83' lang='lat' dir='ltr'>tandem</span> <span class='ocrx_word' id='word_1_197' title='bbox 491 2114 666 2154; x_wconf 73' lang='lat' dir='ltr'>commisit,</span> <span class='ocrx_word' id='word_1_198' title='bbox 706 2119 740 2148; x_wconf 83' lang='lat' dir='ltr'>et</span> <span class='ocrx_word' id='word_1_199' title='bbox 778 2125 857 2148; x_wconf 90' lang='lat' dir='ltr'>cum</span> <span class='ocrx_word' id='word_1_200' title='bbox 898 2113 1008 2148; x_wconf 83' lang='lat' dir='ltr'>altero</span> <span class='ocrx_word' id='word_1_201' title='bbox 1044 2113 1151 2148; x_wconf 77' lang='lat' dir='ltr'>fratre</span> <span class='ocrx_word' id='word_1_202' title='bbox 1190 2115 1340 2149; x_wconf 79' lang='lat' dir='ltr'>Vultano</span> <span class='ocrx_word' id='word_1_203' title='bbox 1374 2127 1502 2149; x_wconf 87' lang='lat' dir='ltr'>annum</span> <span class='ocrx_word' id='word_1_204' title='bbox 1543 2115 1724 2161; x_wconf 80' lang='lat' dir='ltr'>integrum.</span> 
     </span>
     <span class='ocr_line' id='line_1_29' title="bbox 316 2177 1725 2227; baseline -0.001 -12"><span class='ocrx_word' id='word_1_205' title='bbox 316 2180 523 2227; x_wconf 83' lang='lat' dir='ltr'>quotidianis</span> <span class='ocrx_word' id='word_1_206' title='bbox 556 2179 673 2213; x_wconf 84' lang='lat' dir='ltr'>vivens</span> <span class='ocrx_word' id='word_1_207' title='bbox 711 2177 895 2217; x_wconf 85' lang='lat' dir='ltr'>laboribus,</span> <span class='ocrx_word' id='word_1_208' title='bbox 936 2177 971 2210; x_wconf 89' lang='lat' dir='ltr'>in</span> <span class='ocrx_word' id='word_1_209' title='bbox 1013 2189 1129 2212; x_wconf 87' lang='lat' dir='ltr'>eremo</span> <span class='ocrx_word' id='word_1_210' title='bbox 1168 2179 1310 2225; x_wconf 80' lang='lat' dir='ltr'>peregit.</span> <span class='ocrx_word' id='word_1_211' title='bbox 1374 2179 1559 2213; x_wconf 80' lang='lat' dir='ltr'>Turbatam</span> <span class='ocrx_word' id='word_1_212' title='bbox 1602 2179 1725 2213; x_wconf 87' lang='lat' dir='ltr'>deinde</span> 
     </span>
     <span class='ocr_line' id='line_1_30' title="bbox 315 2240 1725 2289; baseline -0.003 -10"><span class='ocrx_word' id='word_1_213' title='bbox 315 2243 501 2279; x_wconf 78' lang='lat' dir='ltr'>incursione</span> <span class='ocrx_word' id='word_1_214' title='bbox 531 2243 685 2289; x_wconf 86' lang='lat' dir='ltr'>gentium</span> <span class='ocrx_word' id='word_1_215' title='bbox 715 2241 834 2276; x_wconf 85' lang='lat' dir='ltr'>videns</span> <span class='ocrx_word' id='word_1_216' title='bbox 864 2240 1084 2287; x_wconf 77' lang='lat' dir='ltr'>provinciam,</span> <span class='ocrx_word' id='word_1_217' title='bbox 1114 2242 1149 2275; x_wconf 91' lang='lat' dir='ltr'>in</span> <span class='ocrx_word' id='word_1_218' title='bbox 1179 2241 1326 2276; x_wconf 85' lang='lat' dir='ltr'>Galliam</span> <span class='ocrx_word' id='word_1_219' title='bbox 1360 2241 1542 2287; x_wconf 69' lang='lat' dir='ltr'>navigavit,</span> <span class='ocrx_word' id='word_1_220' title='bbox 1574 2241 1632 2276; x_wconf 93' lang='lat' dir='ltr'>ubi</span> <span class='ocrx_word' id='word_1_221' title='bbox 1661 2253 1725 2287; x_wconf 86' lang='lat' dir='ltr'>ope</span> 
     </span>
     <span class='ocr_line' id='line_1_31' title="bbox 317 2304 1725 2343; baseline -0.004 -1"><span class='ocrx_word' id='word_1_222' title='bbox 317 2307 515 2343; x_wconf 85' lang='lat' dir='ltr'>Erkelvaldi</span> <span class='ocrx_word' id='word_1_223' title='bbox 540 2306 680 2340; x_wconf 88' lang='lat' dir='ltr'>Patricii</span> <span class='ocrx_word' id='word_1_224' title='bbox 708 2305 921 2340; x_wconf 82' lang='lat' dir='ltr'>Latiniacum</span> <span class='ocrx_word' id='word_1_225' title='bbox 947 2304 1187 2339; x_wconf 88' lang='lat' dir='ltr'>monasterium</span> <span class='ocrx_word' id='word_1_226' title='bbox 1213 2304 1407 2338; x_wconf 82' lang='lat' dir='ltr'>construxit.</span> <span class='ocrx_word' id='word_1_227' title='bbox 1450 2304 1600 2338; x_wconf 85' lang='lat' dir='ltr'>Tandem</span> <span class='ocrx_word' id='word_1_228' title='bbox 1623 2304 1725 2338; x_wconf 81' lang='lat' dir='ltr'>mori-</span> 
     </span>
    </p>
   </div>
  </div>
 </body>
</html>
