1913 2692
254 229 295 257 82
647 222 709 252 DE
745 219 1080 252 SCRIPTORIEUS
1108 218 1270 249 SCOTIS.

399 314 615 357 Quodlibeta,
639 311 799 348 adversus
828 312 1032 346 Durandum
1062 310 1104 344 de
1135 310 1176 344 iis
1206 310 1241 343 in
1274 308 1397 353 quibus
1427 320 1445 342 a
1478 309 1509 341 S.
1542 307 1671 341 Thema

447 378 608 413 diffentit.

401 445 452 478 De
471 443 613 477 Unitate
631 442 848 479 Formarum,
867 444 985 473 eontra
1004 438 1161 472 eundem.

403 508 452 541 De
471 505 620 541 Materia
637 504 742 539 Caeli.

401 572 453 605 De
470 569 666 604 Eternitate
684 566 815 601 Mundi.

403 636 454 669 De
472 634 572 668 Motu
590 631 725 678 Angeli.

401 700 453 732 De
473 696 640 732 Secundis
658 694 920 730 Intentionibus.

402 763 453 797 De
473 760 723 803 Relationibus.

403 827 455 861 De
472 826 597 860 Verbo.

258 894 303 927 Et
328 892 396 926 alia
425 890 543 929 multa,
576 900 664 935 quae
693 888 866 922 habentur
899 886 933 919 in
961 886 1126 931 Catalogo
1158 884 1269 919 nostro
1300 884 1512 930 Scriptorum
1544 883 1674 918 nostrae

260 957 390 991 Gentis.
443 956 498 989 Ab
529 954 593 988 hac
623 953 699 987 luce
728 951 890 998 migravit
921 953 966 985 :30
1002 949 1153 995 Augusti,
1184 960 1274 983 anno
1303 948 1434 994 gratiae
1467 950 1567 982 1131.
1600 959 1675 993 reg-

259 1027 365 1056 nante
384 1021 419 1054 in
437 1019 553 1054 Scotia
570 1018 627 1064 pio
646 1016 777 1051 Davide
796 1015 922 1050 Primo.

628 1161 689 1194 DE
716 1159 965 1194 RICHARDQ
993 1157 1301 1191 AR-MACHANO.

260 1278 489 1314 memnone,
518 1272 802 1319 Archiepiscopus
832 1270 1077 1309 Armachamm,
1105 1275 1139 1304 et
1164 1269 1292 1315 primas
1322 1269 1517 1305 Hiberniae,
1553 1281 1675 1314 cogno·

260 1346 376 1375 mento
418 1338 623 1384 Radulphus
664 1336 755 1382 apud
794 1335 961 1381 patriotas
998 1333 1074 1368 suos
1116 1333 1248 1372 scotos,
1291 1332 1462 1366 insulanos
1504 1332 1674 1368 nimirum.

259 1405 349 1451 apud
384 1403 556 1437 Hibernos
589 1413 680 1440 vero,
716 1400 798 1434 dum
833 1398 879 1433 ibi
916 1397 1207 1444 archiepiscopum
1243 1401 1369 1442 ageret,
1404 1396 1549 1435 Fizrauf,
1585 1396 1675 1441 quod

259 1470 349 1504 idem
391 1468 487 1502 sonat
529 1471 633 1512 atque
668 1463 842 1509 Radulphi
880 1463 980 1502 filius,
1015 1460 1332 1507 cognominabatur.
1400 1460 1467 1493 Hic
1500 1459 1675 1505 postquam

258 1533 404 1579 primam
437 1529 699 1565 adolescentiam
734 1528 769 1561 in
807 1526 919 1561 schola
948 1525 1060 1572 patria
1093 1524 1222 1570 optime
1257 1522 1457 1563 collocasset,
1493 1524 1674 1558 Oxonium.

258 1596 468 1631 academiam
522 1600 604 1628 tunc
649 1591 814 1638 temporis
860 1590 967 1624 totius
1012 1588 1213 1623 Britanniae
1259 1588 1360 1634 longe
1407 1588 1673 1622 celeberrimam.

259 1659 452 1695 adolescens
482 1657 591 1704 petiit,
626 1656 741 1702 ibique
777 1654 836 1689 sub
871 1653 1018 1699 optimis,
1049 1653 1122 1699 piis,
1154 1658 1187 1686 et
1223 1652 1366 1686 eruditis
1396 1652 1675 1698 praeceptoribus

260 1728 292 1764 (e
322 1735 468 1769 quorum
498 1732 642 1755 numero
672 1724 745 1754 erat
777 1719 930 1752 -Joannes
959 1716 1244 1762 Baconthorpius‚
1275 1716 1326 1750 vir
1353 1717 1508 1762 apprime
1539 1716 1674 1759 doctus)

260 1788 391 1823 artibus
418 1786 617 1821 liberalibus
646 1796 785 1830 operam
815 1782 935 1822 dedit;
970 1781 1038 1827 qui,
1073 1786 1111 1815 ut
1149 1785 1223 1815 erat
1257 1780 1435 1826 diligentia
1468 1780 1674 1816 inexhausta.

259 1858 396 1887 tantum
429 1850 556 1884 ibidem
589 1848 734 1895 profecit
769 1852 935 1894 quantmn
976 1845 1033 1879 illa
1076 1845 1174 1879 facile
1214 1845 1473 1879 admirabantur
1509 1850 1674 1890 tempora.

262 1917 350 1950 Hinc
385 1920 505 1949 acutus
539 1913 748 1952 dialecticus,
780 1911 861 1945 hinc
890 1910 998 1944 dulcis
1029 1910 1157 1949 rhetor,
1188 1909 1267 1944 hinc
1300 1909 1414 1955 gravis
1446 1908 1674 1955 philosophus

261 1993 299 2015 ac
337 1980 474 2014 sanctus
514 1977 662 2024 denique
700 1982 736 2011 et
778 1975 968 2022 profundus
1009 1974 1191 2020 theologus
1230 1973 1341 2008 evasit.
1418 1973 1481 2007 His
1518 1973 1675 2007 omnibus

261 2045 357 2081 adde,
393 2043 484 2089 quod
518 2043 553 2076 in
587 2047 734 2087 utroque
762 2041 841 2086 jure
870 2044 986 2074 tantos
1020 2038 1147 2072 fecerat
1181 2035 1382 2084 progreffus,
1414 2042 1453 2070 ut
1487 2037 1521 2070 in
1556 2037 1675 2071 eadem

262 2107 436 2143 academia
468 2107 504 2141 in
544 2105 720 2152 theologia
754 2104 851 2139 fimul
885 2108 919 2138 et
958 2103 993 2136 in
1029 2102 1108 2147 jure
1148 2101 1206 2135 ille
1248 2101 1470 2146 praelegeret‚
1503 2100 1674 2146 frequenti

262 2170 446 2205 admodum
480 2169 651 2204 auditorio
682 2173 716 2203 et
742 2167 1003 2202 candidatorum
1034 2170 1134 2199 coetu
1163 2164 1288 2199 merito
1319 2164 1546 2198 honorandus.
1614 2164 1676 2197 Vir

264 2247 332 2269 uon
358 2234 460 2267 modo
485 2233 520 2267 in
547 2233 700 2272 dicendo,
728 2232 784 2267 sed
811 2236 846 2266 et
872 2231 906 2265 iu
933 2229 1119 2269 scribendo,
1147 2228 1269 2263 summi
1300 2227 1474 2265 acuminis,
1499 2232 1533 2262 et
1555 2227 1675 2273 judicii
