1913 2692
234 228 275 259 94
626 227 688 258 DE
727 226 1060 259 SCRIPTORIBUS
1099 226 1261 258 SCOTIS.

694 398 758 433 DE
781 399 806 433 J
807 398 967 433 OANNE
992 397 1192 432 MAJORE.

233 511 403 546 JOANNES
438 511 569 545 MAJOR
603 509 751 549 nomine,
785 509 923 544 natione
958 509 1090 548 smus,
1124 508 1236 554 patria
1278 507 1571 554 Hadingtonenfis,
1615 512 1649 541 et

234 573 434 621 profeflione
464 574 645 620 theologus
674 572 881 608 Academiae
910 571 1108 607 Parifienfis.
1170 572 1235 606 Hic
1265 573 1441 618 postquam
1476 572 1511 606 in
1539 572 1649 618 patria

235 639 367 674 strenue
409 636 561 673 coluiffet
605 637 681 671 illas
714 635 915 682 disciplinas,
950 648 1037 682 quae
1070 636 1114 670 ab
1147 635 1361 671 humanitate
1395 647 1521 670 nomen
1556 647 1650 670 acce-

234 707 368 749 perunt,
406 701 517 748 prima
551 701 641 736 enim
674 700 853 735 literarum
886 701 1110 735 fundamenta
1144 699 1229 746 jecit
1273 699 1309 734 in
1348 699 1461 734 schola
1499 699 1651 745 Hading-

234 765 373 805 tonenfi,
412 777 455 800 ex
491 777 559 811 qua
594 765 679 799 urbe
717 769 791 798 erat
829 764 1003 805 oriundus,
1042 769 1076 799 et
1113 764 1224 810 prima
1261 763 1380 798 saltem
1419 762 1651 809 philosophiae

234 829 430 864 rudimenta
455 827 665 875 degustaffet,
699 828 831 874 patriae
853 827 930 862 suae
959 829 1086 863 etenim
1112 827 1296 875 gymnasia,
1324 826 1652 873 Andreapolitanam

235 893 388 940 intelligo
423 892 654 933 Academiam,
689 892 843 927 florentis
881 892 1004 927 aetatis
1042 892 1237 927 adolescens
1269 891 1433 927 laboriose
1468 891 1582 931 coluit,
1617 891 1652 925 in

235 957 396 1003 Angliam
426 957 601 1003 profectus
626 955 890 990 Univerfitatem
915 955 1229 1002 Cantabrigiensem
1257 955 1444 990 studiorum
1471 954 1570 989 causa
1595 966 1653 1000 pe-

234 1021 299 1061 tiit,
329 1021 445 1067 ibique
472 1021 507 1055 in
540 1020 663 1055 Christi
695 1019 848 1066 Collegio
879 1020 986 1055 trium
1015 1019 1179 1054 mensium
1212 1020 1349 1054 auditor
1382 1019 1494 1054 factus
1527 1018 1582 1055 est,
1613 1030 1653 1052 eo

235 1084 327 1129 quod
350 1084 458 1130 ipsum
485 1083 521 1117 in
551 1083 670 1118 Sancti
696 1083 855 1117 Andreae
881 1084 1044 1129 parochia
1069 1083 1167 1118 fitum
1191 1083 1389 1123 offenderat,
1416 1088 1455 1116 ut
1478 1082 1513 1116 in
1543 1082 1653 1127 primo

234 1147 293 1182 suo
322 1147 409 1182 libro
438 1148 480 1181 de
509 1147 691 1181 Scotorum
721 1146 839 1186 Gestis,
867 1158 939 1192 cap.
969 1158 1005 1181 V.
1033 1147 1283 1182 commonstrat.
1342 1145 1486 1181 Parisios
1512 1146 1591 1179 inde
1618 1145 1653 1179 in

236 1211 364 1246 Gallias
394 1211 604 1258 pervolabat,
631 1210 827 1245 uberiorem
860 1210 998 1246 suorum
1025 1211 1211 1246 studiorum
1240 1211 1374 1246 cursum
1404 1210 1473 1244 illic
1507 1210 1542 1244 in
1577 1209 1654 1244 Col-

234 1275 323 1321 legio
357 1275 487 1309 Montis
521 1274 625 1309 Acuti
659 1274 920 1320 completurus:
955 1274 1046 1309 unde
1080 1287 1124 1309 ex
1160 1286 1201 1309 eo
1234 1274 1374 1309 tandem
1407 1273 1534 1319 prodiit
1570 1273 1653 1311 loco,

236 1337 348 1385 inquit
375 1338 512 1377 Baleus,
540 1349 685 1384 magnae
716 1337 892 1372 Sorbonae
919 1337 1132 1372 scholasticus
1159 1338 1290 1378 doctor,
1322 1343 1356 1372 et
1383 1337 1419 1371 in
1444 1349 1484 1372 ea
1507 1336 1656 1383 specula-

233 1405 327 1440 tione
357 1404 562 1451 disceptator
591 1402 808 1439 acutiffimus.
878 1403 953 1439 Hoc
983 1406 1118 1441 Joanne
1148 1405 1289 1452 Majore,
1319 1404 1355 1439 in
1383 1404 1546 1439 facultate
1577 1404 1655 1438 Sor-

234 1469 364 1508 bonica‚
392 1469 543 1503 humana
571 1467 753 1513 divinaque
782 1466 995 1513 philosophia
1020 1469 1195 1514 maj0rem,
1220 1467 1449 1507 illustriorem,
1477 1472 1571 1502 aetas
1598 1466 1657 1501 illa

234 1544 303 1567 non
340 1532 451 1571 tulit;
493 1531 645 1566 maximo
686 1530 850 1576 fiquidem
892 1531 951 1566 illo
993 1532 1104 1567 seculo
1140 1532 1230 1566 inter
1275 1531 1455 1577 theologos
1499 1531 1654 1565 nominis.

234 1596 457 1641 Posteaquam
493 1595 650 1629 Lutetiae
690 1606 816 1640 magna
853 1606 932 1628 cum
966 1595 1165 1630 celebritate
1204 1594 1362 1641 plurimis
1394 1594 1492 1629 annis
1527 1594 1656 1628 sacram

235 1659 443 1706 theologiam
478 1657 701 1705 praelegiffet,
736 1658 772 1692 in
806 1658 956 1693 Scotiam
990 1659 1130 1693 tandem
1163 1663 1352 1699 revocatus,
1383 1658 1427 1693 ad
1461 1664 1654 1693 extremum

235 1724 338 1770 usque
373 1723 463 1758 vitae
497 1722 575 1757 suae
617 1722 708 1757 diem
741 1722 777 1756 in
808 1722 995 1757 Academia
1029 1723 1323 1769 Andreapolitana
1356 1722 1458 1768 primi
1491 1721 1652 1767 theologi,

235 1799 303 1822 non
341 1787 454 1822 minus
487 1787 676 1833 prudenter
710 1798 813 1832 quam
850 1786 915 1832 pie,
953 1798 1094 1822 munere
1129 1787 1270 1822 functus
1307 1786 1362 1821 est.
1429 1786 1514 1821 Erat
1548 1785 1651 1820 etiam

234 1851 306 1897 regi
329 1851 460 1886 Jacobo
487 1851 627 1892 Quinto,
654 1850 822 1885 virtutum
851 1856 886 1885 et
913 1850 1114 1885 eruditionis
1141 1850 1288 1891 nomine,
1316 1850 1501 1885 admodum
1531 1850 1653 1884 famili-

235 1915 302 1951 aris
328 1919 363 1949 et
390 1926 498 1949 carus.
550 1913 612 1947 Vir
640 1913 795 1948 veritatis
820 1914 946 1960 ubique
974 1926 1077 1960 quam
1105 1914 1321 1961 eloquentiae
1347 1913 1528 1953 studiofior,
1556 1919 1594 1947 ut
1617 1913 1651 1947 in

235 1978 417 2018 volumine,
441 1990 544 2024 quam
562 1977 746 2012 Historiam
764 1977 903 2023 Majoris
929 1977 1130 2014 Britanniae
1152 1977 1326 2025 inscripsit,
1344 1990 1406 2024 per
1428 1977 1525 2012 illum
1548 1977 1649 2015 edito,

235 2043 349 2077 videre
378 2042 468 2077 licet.
534 2043 615 2077 Fuit
649 2042 753 2077 etiam
788 2042 986 2089 integritate
1021 2043 1112 2077 vitae
1145 2047 1180 2078 et
1213 2042 1404 2077 eruditione
1437 2042 1514 2088 plus
1547 2052 1649 2086 quam

235 2107 366 2153 vulgari
393 2112 503 2147 notus,
530 2107 566 2141 in
591 2106 685 2141 omni
712 2106 857 2141 cultiore
878 2106 1037 2141 dofflina
1059 2104 1266 2146 cultissimus‚
1289 2105 1420 2140 subtilis
1445 2103 1582 2150 ingenii,
1600 2109 1650 2138 te—

234 2171 327 2205 nacis
352 2171 547 2211 memoriae,
573 2171 617 2205 ad
643 2170 854 2206 scholasticas
878 2169 1149 2205 concertationes
1173 2169 1258 2204 mire
1285 2174 1424 2209 acutus;
1450 2180 1512 2214 per
1535 2168 1649 2202 omnia

235 2233 381 2279 denique
400 2234 523 2268 doctor
539 2233 714 2280 perfectus
732 2238 767 2267 et
784 2232 967 2268 absolutus.
1019 2234 1115 2268 Inter
1132 2246 1172 2268 ea
1189 2245 1276 2280 quae
1293 2232 1443 2279 plurima
1459 2230 1595 2278 scripsit.

378 2297 635 2332 Commentaria
652 2296 687 2331 in
706 2301 854 2343 quatuor
871 2296 1066 2343 Evangelia,
