1913 2692
590 215 652 244 DE
687 213 1019 244 SCRIPTORIBUS
1056 214 1217 244 SCOTls.
1571 218 1612 246 35

717 384 779 418 DE
818 384 859 418 D.
898 377 1113 418 NINIANO.‘

207 497 247 531 D.
288 496 482 535 NINIANUS‚
525 496 664 530 natione
708 496 839 535 Scotus,
882 509 925 530 ex
966 496 1061 542 regio
1095 496 1234 542 quidem
1268 496 1429 542 sanguine
1462 509 1619 542 procreae

205 566 268 595 tus.
328 560 362 594 Is
399 559 457 593 ubi
496 560 607 605 prima
648 559 827 594 literarum
870 560 1093 595 fundamenta
1128 559 1260 606 jeciffet
1303 560 1393 595 inter
1434 562 1619 596 monachos

206 622 367 663 Huenses,
400 628 444 661 et,
472 624 515 657 ob
546 623 673 669 ingenii
703 622 988 668 perspicuitatem,
1016 624 1227 669 praeclaram
1257 636 1396 670 operam
1425 625 1557 660 artibus
1584 631 1618 660 et

204 687 328 734 linguis
362 686 522 727 namffet,
553 686 716 721 defidorio
742 686 982 732 peregrinandi
1009 693 1137 733 captus,
1164 688 1216 722 vir
1245 689 1398 724 moribus
1436 689 1618 724 honessiffi-

203 752 268 786 mis
295 757 330 786 et
355 750 608 790 modeliiffimis,
633 756 736 797 atque
765 751 969 785 humilitatis
998 751 1252 792 amantissimus,
1279 753 1390 798 primo
1418 754 1452 788 in
1479 754 1617 794 Gallias,

204 815 335 853 deinde,
382 813 592 860 pertransitis
626 814 780 860 Alpibus,
821 826 938 848 amore
979 814 1157 848 literarum
1192 815 1227 849 in
1261 816 1397 850 Italiam
1433 818 1617 863 profectus,

203 880 350 913 Romam
384 878 503 924 petiit;
537 878 596 912 ubi
634 878 810 924 postquam
845 879 951 912 bonas
985 878 1102 912 literas
1132 884 1167 912 et
1194 879 1420 914 Christianam
1454 881 1618 926 pietatem

202 943 293 989 apud
316 942 421 977 divini
442 942 537 976 verbi
560 942 729 976 ministros
750 940 962 976 sincerissime
986 940 1151 982 haufiffet,
1173 943 1264 977 celer
1286 943 1321 976 in
1339 944 1487 989 patriam
1504 957 1618 980 rever-

203 1008 264 1046 sus,
293 1007 402 1041 fidelis
428 1006 493 1040 Dei
520 1006 639 1040 vineae
663 1006 804 1040 colonus
821 1006 906 1041 alios
931 1005 1073 1052 piissime
1100 1007 1266 1047 instruxit,
1291 1008 1412 1042 Scotos
1437 1008 1471 1042 in
1495 1009 1618 1044 Christi

202 1071 268 1105 fide
290 1069 477 1104 imbecillos
500 1069 716 1104 confirmavit
744 1075 779 1103 et
803 1070 928 1104 docuit.
978 1070 1063 1105 Erat
1081 1071 1116 1105 in
1137 1071 1361 1106 meditatione
1383 1077 1418 1106 et
1443 1073 1618 1118 praedica-

200 1135 293 1169 tione
319 1134 425 1168 divini
452 1133 547 1167 verbi
576 1133 732 1173 alliduus,
764 1134 914 1168 liberalis
939 1134 975 1168 in
1005 1135 1185 1181 orphanos,
1219 1136 1345 1176 viduas,
1376 1141 1410 1170 et
1440 1149 1616 1184 pauperes,

200 1198 293 1232 mitis
319 1203 354 1232 et
375 1198 543 1244 benignus
570 1197 605 1231 in
634 1210 752 1232 omnes
777 1198 955 1239 homines;
981 1199 1043 1234 has
1070 1199 1161 1234 enim
1189 1200 1308 1235 laudes
1332 1201 1455 1235 tribuit
1481 1201 1513 1236 ei
1538 1214 1618 1237 ven-

200 1262 336 1297 erabilis
354 1262 458 1301 Beda,
477 1266 512 1296 et
537 1262 595 1296 alii
618 1261 799 1308 scriptores
823 1262 895 1308 post
919 1263 1025 1297 illum.
1065 1263 1148 1309 Ejus
1168 1264 1226 1310 pia
1247 1264 1410 1299 industria
1434 1265 1525 1300 Piffl
1548 1267 1617 1312 pri-

199 1337 293 1360 mum
315 1330 349 1359 et
375 1325 548 1359 Australes
572 1325 675 1365 Scoti,
702 1325 825 1360 relicto
851 1326 1065 1362 idololatriae
1091 1328 1195 1368 cultu,
1218 1341 1334 1363 veram
1362 1329 1484 1364 Christi
1514 1330 1616 1365 fidem

201 1394 453 1435 perceperunt;
490 1389 613 1434 quibus
643 1401 721 1423 cum
752 1390 809 1423 din
838 1389 946 1425 sacras
976 1390 1093 1425 literas
1123 1391 1335 1437 exposfflffet,
1370 1398 1405 1426 et
1435 1393 1617 1439 vigilanter

202 1453 345 1487 verbum
373 1452 438 1486 Dei
462 1451 694 1497 praedicaffet,
725 1453 864 1487 tandem
895 1466 1015 1489 eorum
1044 1456 1157 1490 factus
1183 1456 1230 1490 est
1256 1456 1431 1503 episcopus
1460 1458 1503 1492 ad
1529 1459 1617 1493 Can-

201 1516 315 1550 didam
334 1515 462 1555 Casani,
482 1516 539 1549 ubi
560 1515 732 1550 ecclesiam
755 1517 789 1550 in
808 1517 846 1551 B.
866 1517 1007 1552 Martini
1030 1519 1190 1553 avunculi
1208 1519 1257 1554 sui
1279 1520 1445 1555 honorem
1464 1521 1616 1556 condidit

201 1586 236 1614 et
259 1580 455 1619 construxit,
482 1585 516 1614 et
541 1579 654 1614 sedem
680 1580 904 1626 episcopalem
928 1581 963 1616 in
990 1582 1184 1618 Gallovidia
1208 1584 1339 1630 primus
1365 1584 1461 1625 fixit;
1489 1586 1524 1620 in
1548 1599 1616 1632 quo

201 1644 313 1690 postea
339 1644 413 1678 loco
438 1644 606 1690 templum
632 1645 869 1691 peregregium
896 1645 968 1691 ejus
993 1647 1131 1681 nomine
1155 1647 1425 1688 consecrabatur,
1448 1654 1482 1683 et
1508 1651 1615 1684 maxi-

201 1720 258 1742 ma
290 1708 583 1754 peregrinantium
616 1708 810 1754 frequentia
839 1709 993 1756 religiose
1023 1711 1125 1745 nimis
1152 1712 1338 1746 colebatur.
1405 1713 1479 1747 Hoc
1509 1714 1613 1748 etiarn

202 1769 500 1805 luculentissimum
523 1771 740 1805 testimonum
767 1772 831 1806 erit
858 1772 949 1807 illius
975 1772 1110 1808 sanetae
1129 1780 1163 1809 et
1181 1775 1374 1821 inculpatae
1397 1777 1497 1816 vitae,
1523 1779 1613 1823 quod

200 1847 278 1869 cum
308 1835 398 1869 bella
428 1834 517 1868 inter
548 1834 677 1874 Scotos,
703 1835 830 1874 Ρίὅὶοε,
861 1848 900 1870 ac
928 1836 1113 1872 Britannos
1145 1838 1295 1873 maxime
1324 1839 1534 1879 aestuabant,
1564 1841 1612 1875 illi

199 1905 316 1933 tamen
349 1898 393 1932 ad
431 1897 586 1943 singulos,
620 1910 698 1932 cum
732 1898 864 1939 liberet,
899 1899 1082 1936 tutiffimus
1114 1907 1249 1948 pateret
1289 1903 1429 1938 aditus:
1469 1905 1613 1940 arbitra-

200 1963 326 1997 bantur
349 1961 511 2007 fiquidem
532 1961 567 1995 in
590 1961 784 2001 Ninianum‚
804 1963 915 1997 virum
938 1964 1063 1999 solidae
1087 1965 1224 2001 virtutis
1245 1967 1355 2013 gloria
1375 1969 1610 2014 praestantem,

199 2027 324 2065 fucum,
353 2025 479 2065 dolum,
510 2025 678 2059 malitiam
708 2026 802 2060 nullo
832 2027 934 2061 modo
963 2029 1085 2063 cadere
1118 2029 1272 2076 potuiffe.
1333 2032 1498 2078 Denique,
1534 2045 1611 2067 cum

200 2090 291 2136 apud
318 2101 376 2124 eos
399 2101 460 2135 per
483 2089 609 2124 multos
635 2101 742 2124 annos
769 2090 904 2136 eloquia
930 2091 995 2125 Dei
1021 2091 1193 2133 docuiffet,
1215 2094 1383 2139 quaedam
1405 2095 1462 2140 pia
1483 2101 1518 2130 et
1536 2108 1611 2130 eru-

199 2154 271 2189 dita
297 2158 519 2187 monumenta
546 2153 683 2187 suorum
717 2153 872 2188 laborum
899 2154 1054 2189 eccleliae
1080 2160 1115 2189 et
1140 2156 1328 2202 posteritati
1354 2158 1501 2205 reliquit,
1528 2173 1610 2206 quo—

199 2230 277 2252 rum
294 2217 354 2251 ista
371 2229 457 2263 quae
475 2217 663 2263 sequuntur
679 2217 854 2252 testantur.

345 2281 600 2316 Commentaria
617 2281 660 2316 ad
678 2281 798 2317 Sacras
816 2281 955 2322 Literas,
974 2281 1031 2317 lib.
1050 2293 1072 2317 1.
