2027 2816
732 479 800 516 DE

214 647 917 705 SCRIPTORIBUS
1010 646 1333 702 SCOTIS

574 846 753 886 LIBER
805 846 967 887 UNUS.

468 1140 531 1175 DE
571 1139 750 1175 SANCTO
788 1138 1023 1174 COLUMBA.

65 1238 98 1272 S.
117 1238 306 1277 Comum,
333 1236 504 1272 nobilibus
529 1241 625 1271 ortus
649 1235 857 1282 parentibus,
883 1240 985 1269 natus
1002 1235 1037 1268 in
1057 1234 1184 1270 Huenfi
1210 1235 1327 1276 insula,
1346 1236 1381 1270 in
1407 1248 1474 1282 qua

64 1300 136 1346 post
184 1300 426 1335 monasterium
469 1299 596 1346 insigne
646 1298 842 1338 construxit,
885 1310 990 1343 nepos
1031 1298 1060 1332 F
1061 1298 1182 1345 ergufii
1224 1299 1313 1345 regis
1355 1300 1474 1335 Scoto-

63 1376 150 1403 rum,
176 1376 254 1399 cum
278 1365 370 1399 Jona
395 1364 564 1410 propheta
593 1363 840 1409 homonynum
866 1361 1004 1396 sortitus
1030 1362 1077 1396 est
1101 1374 1250 1403 nomen;
1288 1376 1367 1398 nam
1393 1364 1473 1398 licet

63 1426 194 1461 diverso
227 1427 333 1461 trium
368 1426 563 1472 linguarum
601 1425 691 1465 sono,
730 1437 833 1460 unam
866 1430 982 1460 tamen
1024 1426 1236 1472 eandemque
1269 1439 1343 1461 rem
1376 1427 1473 1474 figni-

62 1491 159 1524 ficat:
197 1490 262 1525 hoc
298 1491 389 1536 quod
415 1490 584 1524 Hebraice
620 1489 745 1523 dicitur
769 1489 869 1529 Jona,
906 1489 1037 1524 Graece
1071 1501 1152 1524 vero
1188 1491 1372 1536 νηπιὸφξονα,
1406 1491 1471 1526 five

62 1552 225 1600 τεξιστεξόν
260 1558 393 1594 vocant,
432 1558 466 1588 et
500 1552 623 1587 Latina
660 1552 777 1598 lingua
802 1553 970 1588 Columba
1003 1558 1230 1600 nuncupatur.
1281 1555 1363 1589 Tale
1396 1561 1471 1590 tan-

59 1622 202 1664 tumque
245 1617 450 1652 voeabujum
499 1615 629 1651 homini
670 1627 739 1650 non
789 1615 856 1651 fine
898 1616 1013 1652 divina
1062 1617 1278 1663 providentia
1323 1619 1469 1654 inditum

59 1679 124 1715 effe
166 1680 357 1722 credimus;
395 1680 564 1715 Columba
597 1680 725 1715 etenim
759 1685 793 1715 et
826 1679 966 1727 fimplex
1004 1681 1237 1727 innocuusque
1279 1684 1468 1728 nuncupari

59 1744 187 1784 debuit,
213 1744 272 1790 qui
297 1744 334 1779 in
358 1744 391 1779 se
417 1744 620 1779 columbinis
649 1744 802 1778 moribus
827 1744 971 1790 Spiritui
1005 1745 1133 1780 Saneto
1159 1745 1342 1791 hospitium
1371 1759 1468 1793 prae-

60 1808 144 1842 buit.
212 1807 277 1842 Hie
311 1819 402 1842 anno
430 1807 576 1842 seeundo
606 1807 678 1853 post
711 1807 840 1842 bellum
873 1808 958 1842 illud
991 1809 1033 1843 de
1067 1809 1311 1851 Culedrebene⁷
1345 1812 1468 1846 aetatis

58 1869 136 1904 suae
161 1881 251 1904 anno
282 1869 440 1915 vigesimo
466 1869 620 1910 secundo,
644 1882 687 1904 ex
713 1869 839 1904 Huenfi
865 1871 973 1906 insula
998 1871 1033 1905 in
1055 1871 1257 1906 Hiberniam
1282 1873 1464 1919 profthus‚

58 1932 191 1966 nullum
241 1933 342 1967 unius
387 1932 491 1967 horae
541 1933 760 1968 intervallum
801 1933 941 1969 tranfire
992 1940 1127 1981 poterat
1168 1936 1260 1982 quod
1301 1949 1370 1971 non
1411 1938 1464 1972 vel

57 1995 213 2035 orationi,
240 1995 294 2029 vel
330 1995 481 2035 Ῑθὸὶίοηί,
508 2001 567 2030 aut
601 1996 774 2042 scriptioni
808 1998 899 2033 inter
931 1999 1117 2034 monachos
1142 1999 1218 2034 suos
1242 2000 1465 2037 incumberet.

55 2058 124 2093 Pro
151 2057 251 2104 ipfius
284 2059 476 2094 eruditione
504 2064 538 2094 et
568 2059 658 2094 vitae
688 2059 868 2095 sanffitate
902 2063 1008 2097 abbas
1037 2062 1185 2097 Cloenfis
1212 2063 1258 2098 est
1286 2064 1398 2099 faetus
1427 2065 1463 2099 in

55 2121 241 2162 Hibernia;
279 2122 392 2168 postea
418 2123 453 2157 in
479 2123 630 2157 Scotiam
664 2124 708 2158 ad
734 2124 853 2159 Ionam
891 2125 1033 2160 infulam
1069 2126 1115 2161 est
1149 2127 1310 2167 reversus,
1347 2128 1461 2174 ibique

54 2197 116 2231 per
144 2186 272 2220 multos
301 2198 409 2221 annos
435 2187 470 2221 S.
496 2187 690 2233 Scripturas
719 2188 894 2222 monachis
923 2188 1162 2235 praelegebat3
1197 2190 1319 2225 deinde
1345 2191 1462 2226 Pi&os

54 2248 228 2293 plurimos,
264 2249 323 2295 qui
349 2255 432 2284 tunc
464 2250 629 2296 temporis
654 2250 689 2284 in
715 2250 830 2286 Scotia
855 2252 994 2298 praedia
1029 2253 1137 2287 multa
1167 2252 1385 2299 possidebant,
1415 2256 1458 2290 ad

53 2311 175 2347 Christi
208 2313 311 2348 fidem
349 2314 624 2360 aniplefitendam
659 2314 787 2356 allexit,
823 2315 1020 2362 praesertim
1059 2316 1145 2363 ipsos
1185 2318 1243 2364 qui
1281 2319 1316 2353 in
1351 2319 1458 2354 insula

1197 2392 1218 2415 B
