<?xml version="1.0" encoding="UTF-8"?>
<!DOCTYPE html PUBLIC "-//W3C//DTD XHTML 1.0 Transitional//EN"
    "http://www.w3.org/TR/xhtml1/DTD/xhtml1-transitional.dtd">
<html xmlns="http://www.w3.org/1999/xhtml" xml:lang="en" lang="en">
 <head>
  <title>
</title>
<meta http-equiv="Content-Type" content="text/html;charset=utf-8" />
  <meta name='ocr-system' content='tesseract 3.04.00' />
  <meta name='ocr-capabilities' content='ocr_page ocr_carea ocr_par ocr_line ocrx_word'/>
</head>
<body>
  <div class='ocr_page' id='page_1' title='image "./davidisbuchanani00bann_0136.png"; bbox 0 0 1913 2692; ppageno 0'>
   <div class='ocr_carea' id='block_1_1' title="bbox 278 206 1293 244">
    <p class='ocr_par' dir='ltr' id='par_1_1' title="bbox 278 206 1293 244">
     <span class='ocr_line' id='line_1_1' title="bbox 278 206 1293 244; baseline 0.01 -10"><span class='ocrx_word' id='word_1_1' title='bbox 278 206 338 234; x_wconf 62' lang='lat'>114</span> <span class='ocrx_word' id='word_1_2' title='bbox 660 207 722 237; x_wconf 78' lang='lat' dir='ltr'>DE</span> <span class='ocrx_word' id='word_1_3' title='bbox 761 209 1093 242; x_wconf 75' lang='lat' dir='ltr'>SCRIPTORIBUS</span> <span class='ocrx_word' id='word_1_4' title='bbox 1132 213 1293 244; x_wconf 74' lang='lat' dir='ltr'>SCOTIS.</span> 
     </span>
    </p>
   </div>
   <div class='ocr_carea' id='block_1_2' title="bbox 668 379 1295 426">
    <p class='ocr_par' dir='ltr' id='par_1_2' title="bbox 668 379 1295 426">
     <span class='ocr_line' id='line_1_2' title="bbox 668 379 1295 426; baseline 0.013 -14"><span class='ocrx_word' id='word_1_5' title='bbox 668 379 731 412; x_wconf 92' lang='lat' dir='ltr'>DE</span> <span class='ocrx_word' id='word_1_6' title='bbox 756 379 967 415; x_wconf 86' lang='lat' dir='ltr'>GEORGIO</span> <span class='ocrx_word' id='word_1_7' title='bbox 993 382 1295 426; x_wconf 85' lang='lat' dir='ltr'><strong>BUCHANANO.</strong></span> 
     </span>
    </p>
   </div>
   <div class='ocr_carea' id='block_1_3' title="bbox 263 487 1694 2322">
    <p class='ocr_par' dir='ltr' id='par_1_3' title="bbox 263 487 1694 2322">
     <span class='ocr_line' id='line_1_3' title="bbox 275 487 1688 536; baseline 0.011 -15"><span class='ocrx_word' id='word_1_8' title='bbox 275 487 465 523; x_wconf 74' lang='lat' dir='ltr'>GnoRGms</span> <span class='ocrx_word' id='word_1_9' title='bbox 512 489 778 531; x_wconf 75' lang='lat' dir='ltr'>BUCHANANUS,</span> <span class='ocrx_word' id='word_1_10' title='bbox 828 492 937 526; x_wconf 83' lang='lat' dir='ltr'>Poeta</span> <span class='ocrx_word' id='word_1_11' title='bbox 976 498 1011 527; x_wconf 83' lang='lat' dir='ltr'>et</span> <span class='ocrx_word' id='word_1_12' title='bbox 1051 494 1246 536; x_wconf 81' lang='lat' dir='ltr'>Historicus,</span> <span class='ocrx_word' id='word_1_13' title='bbox 1289 496 1324 531; x_wconf 88' lang='lat' dir='ltr'>in</span> <span class='ocrx_word' id='word_1_14' title='bbox 1362 497 1502 533; x_wconf 85' lang='lat' dir='ltr'>Levinia</span> <span class='ocrx_word' id='word_1_15' title='bbox 1550 499 1688 536; x_wconf 84' lang='lat' dir='ltr'>Scotiae</span> 
     </span>
     <span class='ocr_line' id='line_1_4' title="bbox 274 553 1688 603; baseline 0.009 -17"><span class='ocrx_word' id='word_1_16' title='bbox 274 553 448 598; x_wconf 85' lang='lat' dir='ltr'>provincia</span> <span class='ocrx_word' id='word_1_17' title='bbox 491 559 592 589; x_wconf 87' lang='lat' dir='ltr'>natus</span> <span class='ocrx_word' id='word_1_18' title='bbox 635 555 690 595; x_wconf 86' lang='lat' dir='ltr'>est,</span> <span class='ocrx_word' id='word_1_19' title='bbox 728 556 773 590; x_wconf 89' lang='lat' dir='ltr'>ad</span> <span class='ocrx_word' id='word_1_20' title='bbox 812 556 961 590; x_wconf 88' lang='lat' dir='ltr'>Blanum</span> <span class='ocrx_word' id='word_1_21' title='bbox 999 568 1146 598; x_wconf 88' lang='lat' dir='ltr'>amnem,</span> <span class='ocrx_word' id='word_1_22' title='bbox 1184 559 1220 593; x_wconf 88' lang='lat' dir='ltr'>in</span> <span class='ocrx_word' id='word_1_23' title='bbox 1262 560 1342 595; x_wconf 68' lang='lat' dir='ltr'>villa</span> <span class='ocrx_word' id='word_1_24' title='bbox 1383 562 1516 603; x_wconf 85' lang='lat' dir='ltr'>rustica,</span> <span class='ocrx_word' id='word_1_25' title='bbox 1559 564 1688 600; x_wconf 87' lang='lat' dir='ltr'>familia</span> 
     </span>
     <span class='ocr_line' id='line_1_5' title="bbox 273 618 1685 666; baseline 0.008 -17"><span class='ocrx_word' id='word_1_26' title='bbox 273 618 380 663; x_wconf 86' lang='lat' dir='ltr'>magis</span> <span class='ocrx_word' id='word_1_27' title='bbox 409 619 540 654; x_wconf 84' lang='lat' dir='ltr'>vetusta</span> <span class='ocrx_word' id='word_1_28' title='bbox 573 631 675 665; x_wconf 88' lang='lat' dir='ltr'>quam</span> <span class='ocrx_word' id='word_1_29' title='bbox 706 620 877 665; x_wconf 82' lang='lat' dir='ltr'>opulenta,</span> <span class='ocrx_word' id='word_1_30' title='bbox 911 632 933 654; x_wconf 84' lang='lat' dir='ltr'>a</span> <span class='ocrx_word' id='word_1_31' title='bbox 965 621 1114 666; x_wconf 90' lang='lat' dir='ltr'>pueritia</span> <span class='ocrx_word' id='word_1_32' title='bbox 1143 622 1179 656; x_wconf 91' lang='lat' dir='ltr'>in</span> <span class='ocrx_word' id='word_1_33' title='bbox 1211 622 1319 657; x_wconf 87' lang='lat' dir='ltr'>literis</span> <span class='ocrx_word' id='word_1_34' title='bbox 1347 624 1479 659; x_wconf 80' lang='lat' dir='ltr'>utiliter</span> <span class='ocrx_word' id='word_1_35' title='bbox 1512 626 1685 663; x_wconf 80' lang='lat' dir='ltr'>educatus.</span> 
     </span>
     <span class='ocr_line' id='line_1_6' title="bbox 274 681 1688 735; baseline 0.006 -19"><span class='ocrx_word' id='word_1_36' title='bbox 274 681 457 727; x_wconf 87' lang='lat' dir='ltr'>Postquam</span> <span class='ocrx_word' id='word_1_37' title='bbox 486 683 674 718; x_wconf 75' lang='lat' dir='ltr'>avunculus</span> <span class='ocrx_word' id='word_1_38' title='bbox 703 684 775 729; x_wconf 87' lang='lat' dir='ltr'>ejus</span> <span class='ocrx_word' id='word_1_39' title='bbox 801 684 837 718; x_wconf 92' lang='lat' dir='ltr'>in</span> <span class='ocrx_word' id='word_1_40' title='bbox 864 683 984 718; x_wconf 89' lang='lat' dir='ltr'>scholis</span> <span class='ocrx_word' id='word_1_41' title='bbox 1011 685 1131 730; x_wconf 87' lang='lat' dir='ltr'>patriis</span> <span class='ocrx_word' id='word_1_42' title='bbox 1158 685 1250 731; x_wconf 81' lang='lat' dir='ltr'>spem</span> <span class='ocrx_word' id='word_1_43' title='bbox 1277 686 1319 720; x_wconf 89' lang='lat' dir='ltr'>de</span> <span class='ocrx_word' id='word_1_44' title='bbox 1345 687 1483 733; x_wconf 88' lang='lat' dir='ltr'>ingenio</span> <span class='ocrx_word' id='word_1_45' title='bbox 1513 689 1585 735; x_wconf 84' lang='lat' dir='ltr'>ejus</span> <span class='ocrx_word' id='word_1_46' title='bbox 1609 702 1688 725; x_wconf 89' lang='lat' dir='ltr'>con-</span> 
     </span>
     <span class='ocr_line' id='line_1_7' title="bbox 272 744 1687 795; baseline 0.006 -16"><span class='ocrx_word' id='word_1_47' title='bbox 272 744 417 791; x_wconf 72' lang='lat' dir='ltr'>cepisset,</span> <span class='ocrx_word' id='word_1_48' title='bbox 452 747 625 782; x_wconf 80' lang='lat' dir='ltr'>Lutetiam</span> <span class='ocrx_word' id='word_1_49' title='bbox 656 748 863 787; x_wconf 84' lang='lat' dir='ltr'>amandavit,</span> <span class='ocrx_word' id='word_1_50' title='bbox 893 748 952 782; x_wconf 93' lang='lat' dir='ltr'>ubi</span> <span class='ocrx_word' id='word_1_51' title='bbox 982 748 1118 783; x_wconf 75' lang='lat' dir='ltr'>circiter</span> <span class='ocrx_word' id='word_1_52' title='bbox 1147 749 1324 784; x_wconf 80' lang='lat' dir='ltr'>biennium</span> <span class='ocrx_word' id='word_1_53' title='bbox 1354 751 1533 786; x_wconf 87' lang='lat' dir='ltr'>literarum</span> <span class='ocrx_word' id='word_1_54' title='bbox 1563 753 1687 795; x_wconf 84' lang='lat' dir='ltr'>studiis,</span> 
     </span>
     <span class='ocr_line' id='line_1_8' title="bbox 272 810 1688 858; baseline 0.006 -15"><span class='ocrx_word' id='word_1_55' title='bbox 272 810 420 844; x_wconf 77' lang='lat' dir='ltr'>maxime</span> <span class='ocrx_word' id='word_1_56' title='bbox 455 811 663 846; x_wconf 83' lang='lat' dir='ltr'>carminibus</span> <span class='ocrx_word' id='word_1_57' title='bbox 702 811 895 852; x_wconf 82' lang='lat' dir='ltr'>scribendis,</span> <span class='ocrx_word' id='word_1_58' title='bbox 940 823 1080 858; x_wconf 80' lang='lat' dir='ltr'>operam</span> <span class='ocrx_word' id='word_1_59' title='bbox 1118 813 1222 847; x_wconf 84' lang='lat' dir='ltr'>dedit.</span> <span class='ocrx_word' id='word_1_60' title='bbox 1289 814 1408 849; x_wconf 85' lang='lat' dir='ltr'>Postea</span> <span class='ocrx_word' id='word_1_61' title='bbox 1450 817 1572 851; x_wconf 87' lang='lat' dir='ltr'>morbo</span> <span class='ocrx_word' id='word_1_62' title='bbox 1615 829 1688 852; x_wconf 85' lang='lat' dir='ltr'>cor-</span> 
     </span>
     <span class='ocr_line' id='line_1_9' title="bbox 272 874 1687 918; baseline 0.006 -12"><span class='ocrx_word' id='word_1_63' title='bbox 272 878 398 918; x_wconf 80' lang='lat' dir='ltr'>reptus,</span> <span class='ocrx_word' id='word_1_64' title='bbox 431 874 474 909; x_wconf 87' lang='lat' dir='ltr'>ad</span> <span class='ocrx_word' id='word_1_65' title='bbox 507 874 585 909; x_wconf 90' lang='lat' dir='ltr'>suos</span> <span class='ocrx_word' id='word_1_66' title='bbox 615 875 661 910; x_wconf 88' lang='lat' dir='ltr'>est</span> <span class='ocrx_word' id='word_1_67' title='bbox 688 875 852 916; x_wconf 87' lang='lat' dir='ltr'>reversus,</span> <span class='ocrx_word' id='word_1_68' title='bbox 883 881 917 910; x_wconf 89' lang='lat' dir='ltr'>et</span> <span class='ocrx_word' id='word_1_69' title='bbox 948 888 1027 911; x_wconf 91' lang='lat' dir='ltr'>cum</span> <span class='ocrx_word' id='word_1_70' title='bbox 1056 875 1192 910; x_wconf 78' lang='lat' dir='ltr'>auxiliis</span> <span class='ocrx_word' id='word_1_71' title='bbox 1224 876 1403 911; x_wconf 84' lang='lat' dir='ltr'>Gallorum</span> <span class='ocrx_word' id='word_1_72' title='bbox 1433 878 1468 912; x_wconf 91' lang='lat' dir='ltr'>in</span> <span class='ocrx_word' id='word_1_73' title='bbox 1502 879 1608 914; x_wconf 83' lang='lat' dir='ltr'>eastra</span> <span class='ocrx_word' id='word_1_74' title='bbox 1641 881 1687 915; x_wconf 86' lang='lat' dir='ltr'>est</span> 
     </span>
     <span class='ocr_line' id='line_1_10' title="bbox 270 938 1686 988; baseline 0.006 -18"><span class='ocrx_word' id='word_1_75' title='bbox 270 938 454 982; x_wconf 59' lang='lat' dir='ltr'>profectus,</span> <span class='ocrx_word' id='word_1_76' title='bbox 493 944 637 985; x_wconf 89' lang='lat' dir='ltr'>urgente</span> <span class='ocrx_word' id='word_1_77' title='bbox 672 939 731 974; x_wconf 89' lang='lat' dir='ltr'>sua</span> <span class='ocrx_word' id='word_1_78' title='bbox 768 939 972 975; x_wconf 75' lang='lat' dir='ltr'>necestitate.</span> <span class='ocrx_word' id='word_1_79' title='bbox 1030 940 1131 974; x_wconf 87' lang='lat' dir='ltr'>Anno</span> <span class='ocrx_word' id='word_1_80' title='bbox 1172 945 1288 975; x_wconf 89' lang='lat' dir='ltr'>autem</span> <span class='ocrx_word' id='word_1_81' title='bbox 1323 941 1480 986; x_wconf 78' lang='lat' dir='ltr'>proxime</span> <span class='ocrx_word' id='word_1_82' title='bbox 1513 942 1686 988; x_wconf 83' lang='lat' dir='ltr'>sequente,</span> 
     </span>
     <span class='ocr_line' id='line_1_11' title="bbox 270 1001 1686 1049; baseline 0.004 -13"><span class='ocrx_word' id='word_1_83' title='bbox 270 1001 381 1046; x_wconf 91' lang='lat' dir='ltr'>primo</span> <span class='ocrx_word' id='word_1_84' title='bbox 417 1015 553 1049; x_wconf 88' lang='lat' dir='ltr'>quoque</span> <span class='ocrx_word' id='word_1_85' title='bbox 588 1015 676 1043; x_wconf 87' lang='lat' dir='ltr'>vere,</span> <span class='ocrx_word' id='word_1_86' title='bbox 706 1004 818 1039; x_wconf 66' lang='lat' dir='ltr'>faetus</span> <span class='ocrx_word' id='word_1_87' title='bbox 845 1004 892 1039; x_wconf 89' lang='lat' dir='ltr'>est</span> <span class='ocrx_word' id='word_1_88' title='bbox 919 1003 1056 1039; x_wconf 84' lang='lat' dir='ltr'>auditor</span> <span class='ocrx_word' id='word_1_89' title='bbox 1083 1004 1227 1038; x_wconf 85' lang='lat' dir='ltr'>Joannis</span> <span class='ocrx_word' id='word_1_90' title='bbox 1256 1004 1396 1049; x_wconf 86' lang='lat' dir='ltr'>Majoris</span> <span class='ocrx_word' id='word_1_91' title='bbox 1430 1005 1465 1039; x_wconf 89' lang='lat' dir='ltr'>in</span> <span class='ocrx_word' id='word_1_92' title='bbox 1497 1006 1686 1042; x_wconf 84' lang='lat' dir='ltr'>Academia</span> 
     </span>
     <span class='ocr_line' id='line_1_12' title="bbox 270 1065 1685 1112; baseline 0.004 -14"><span class='ocrx_word' id='word_1_93' title='bbox 270 1065 572 1111; x_wconf 85' lang='lat' dir='ltr'>Andreapolitana.</span> <span class='ocrx_word' id='word_1_94' title='bbox 637 1067 738 1101; x_wconf 90' lang='lat' dir='ltr'>Hunc</span> <span class='ocrx_word' id='word_1_95' title='bbox 770 1067 806 1101; x_wconf 92' lang='lat' dir='ltr'>in</span> <span class='ocrx_word' id='word_1_96' title='bbox 837 1067 984 1102; x_wconf 86' lang='lat' dir='ltr'>Galliam</span> <span class='ocrx_word' id='word_1_97' title='bbox 1017 1067 1142 1101; x_wconf 88' lang='lat' dir='ltr'>aestate</span> <span class='ocrx_word' id='word_1_98' title='bbox 1174 1067 1332 1112; x_wconf 86' lang='lat' dir='ltr'>proxima</span> <span class='ocrx_word' id='word_1_99' title='bbox 1365 1067 1508 1108; x_wconf 87' lang='lat' dir='ltr'>secutus,</span> <span class='ocrx_word' id='word_1_100' title='bbox 1545 1070 1685 1104; x_wconf 86' lang='lat' dir='ltr'>tandem</span> 
     </span>
     <span class='ocr_line' id='line_1_13' title="bbox 272 1128 1685 1177; baseline 0.004 -16"><span class='ocrx_word' id='word_1_101' title='bbox 272 1128 306 1162; x_wconf 90' lang='lat' dir='ltr'>in</span> <span class='ocrx_word' id='word_1_102' title='bbox 349 1129 541 1176; x_wconf 82' lang='lat' dir='ltr'>Collegium</span> <span class='ocrx_word' id='word_1_103' title='bbox 585 1131 824 1165; x_wconf 83' lang='lat' dir='ltr'>Barbaranmn</span> <span class='ocrx_word' id='word_1_104' title='bbox 868 1131 1005 1171; x_wconf 88' lang='lat' dir='ltr'>accitus,</span> <span class='ocrx_word' id='word_1_105' title='bbox 1048 1141 1155 1176; x_wconf 84' lang='lat' dir='ltr'>prope</span> <span class='ocrx_word' id='word_1_106' title='bbox 1195 1129 1383 1164; x_wconf 83' lang='lat' dir='ltr'>triennium</span> <span class='ocrx_word' id='word_1_107' title='bbox 1424 1133 1685 1177; x_wconf 83' lang='lat' dir='ltr'>grammaticam</span> 
     </span>
     <span class='ocr_line' id='line_1_14' title="bbox 270 1192 1683 1242; baseline 0.004 -17"><span class='ocrx_word' id='word_1_108' title='bbox 270 1192 410 1227; x_wconf 82' lang='lat' dir='ltr'>docuit:</span> <span class='ocrx_word' id='word_1_109' title='bbox 448 1194 570 1229; x_wconf 83' lang='lat' dir='ltr'>deinde</span> <span class='ocrx_word' id='word_1_110' title='bbox 604 1207 624 1229; x_wconf 81' lang='lat' dir='ltr'>a</span> <span class='ocrx_word' id='word_1_111' title='bbox 657 1195 814 1230; x_wconf 85' lang='lat' dir='ltr'>Gilberto</span> <span class='ocrx_word' id='word_1_112' title='bbox 855 1193 1035 1230; x_wconf 85' lang='lat' dir='ltr'>Cassiliffae</span> <span class='ocrx_word' id='word_1_113' title='bbox 1069 1194 1203 1234; x_wconf 83' lang='lat' dir='ltr'>comite,</span> <span class='ocrx_word' id='word_1_114' title='bbox 1239 1195 1415 1240; x_wconf 86' lang='lat' dir='ltr'>postquam</span> <span class='ocrx_word' id='word_1_115' title='bbox 1456 1196 1683 1242; x_wconf 87' lang='lat' dir='ltr'>quinquennii</span> 
     </span>
     <span class='ocr_line' id='line_1_15' title="bbox 271 1256 1684 1305; baseline 0.004 -16"><span class='ocrx_word' id='word_1_116' title='bbox 271 1256 378 1301; x_wconf 84' lang='lat' dir='ltr'>spatio</span> <span class='ocrx_word' id='word_1_117' title='bbox 403 1258 434 1292; x_wconf 86' lang='lat' dir='ltr'>ei</span> <span class='ocrx_word' id='word_1_118' title='bbox 461 1258 669 1295; x_wconf 79' lang='lat' dir='ltr'>adhaeserat,</span> <span class='ocrx_word' id='word_1_119' title='bbox 700 1259 734 1293; x_wconf 90' lang='lat' dir='ltr'>in</span> <span class='ocrx_word' id='word_1_120' title='bbox 765 1259 916 1294; x_wconf 84' lang='lat' dir='ltr'>Scotiam</span> <span class='ocrx_word' id='word_1_121' title='bbox 944 1259 990 1293; x_wconf 87' lang='lat' dir='ltr'>est</span> <span class='ocrx_word' id='word_1_122' title='bbox 1019 1259 1192 1298; x_wconf 64' lang='lat' dir='ltr'>reductus,</span> <span class='ocrx_word' id='word_1_123' title='bbox 1221 1258 1279 1292; x_wconf 89' lang='lat' dir='ltr'>ubi</span> <span class='ocrx_word' id='word_1_124' title='bbox 1308 1270 1330 1293; x_wconf 92' lang='lat' dir='ltr'>a</span> <span class='ocrx_word' id='word_1_125' title='bbox 1356 1270 1437 1304; x_wconf 89' lang='lat' dir='ltr'>rege</span> <span class='ocrx_word' id='word_1_126' title='bbox 1468 1264 1617 1305; x_wconf 85' lang='lat' dir='ltr'>rogatus,</span> <span class='ocrx_word' id='word_1_127' title='bbox 1648 1260 1684 1295; x_wconf 89' lang='lat' dir='ltr'>iu</span> 
     </span>
     <span class='ocr_line' id='line_1_16' title="bbox 270 1321 1683 1369; baseline 0.004 -15"><span class='ocrx_word' id='word_1_128' title='bbox 270 1321 511 1356; x_wconf 79' lang='lat' dir='ltr'>Franciscanos</span> <span class='ocrx_word' id='word_1_129' title='bbox 539 1322 655 1357; x_wconf 89' lang='lat' dir='ltr'>filvam</span> <span class='ocrx_word' id='word_1_130' title='bbox 683 1323 836 1369; x_wconf 81' lang='lat' dir='ltr'>protulit.</span> <span class='ocrx_word' id='word_1_131' title='bbox 896 1322 986 1356; x_wconf 88' lang='lat' dir='ltr'>Hinc</span> <span class='ocrx_word' id='word_1_132' title='bbox 1014 1321 1162 1368; x_wconf 86' lang='lat' dir='ltr'>patriam</span> <span class='ocrx_word' id='word_1_133' title='bbox 1191 1322 1429 1368; x_wconf 89' lang='lat' dir='ltr'>derelinquere</span> <span class='ocrx_word' id='word_1_134' title='bbox 1459 1323 1505 1357; x_wconf 85' lang='lat' dir='ltr'>est</span> <span class='ocrx_word' id='word_1_135' title='bbox 1534 1324 1683 1364; x_wconf 66' lang='lat' dir='ltr'>coactus,</span> 
     </span>
     <span class='ocr_line' id='line_1_17' title="bbox 268 1384 1684 1433; baseline 0.003 -15"><span class='ocrx_word' id='word_1_136' title='bbox 268 1390 371 1430; x_wconf 84' lang='lat' dir='ltr'>atque</span> <span class='ocrx_word' id='word_1_137' title='bbox 401 1397 463 1431; x_wconf 90' lang='lat' dir='ltr'>per</span> <span class='ocrx_word' id='word_1_138' title='bbox 493 1386 653 1432; x_wconf 85' lang='lat' dir='ltr'>Angliam</span> <span class='ocrx_word' id='word_1_139' title='bbox 681 1387 716 1420; x_wconf 91' lang='lat' dir='ltr'>in</span> <span class='ocrx_word' id='word_1_140' title='bbox 747 1386 896 1421; x_wconf 86' lang='lat' dir='ltr'>Galliam</span> <span class='ocrx_word' id='word_1_141' title='bbox 924 1386 1036 1420; x_wconf 90' lang='lat' dir='ltr'>denuo</span> <span class='ocrx_word' id='word_1_142' title='bbox 1064 1384 1296 1431; x_wconf 83' lang='lat' dir='ltr'>proficiscitur,</span> <span class='ocrx_word' id='word_1_143' title='bbox 1327 1385 1443 1431; x_wconf 87' lang='lat' dir='ltr'>ibique</span> <span class='ocrx_word' id='word_1_144' title='bbox 1469 1386 1684 1433; x_wconf 85' lang='lat' dir='ltr'>Burdegalae</span> 
     </span>
     <span class='ocr_line' id='line_1_18' title="bbox 269 1447 1694 1496; baseline 0.004 -15"><span class='ocrx_word' id='word_1_145' title='bbox 269 1447 444 1482; x_wconf 88' lang='lat' dir='ltr'>biennium</span> <span class='ocrx_word' id='word_1_146' title='bbox 474 1449 599 1484; x_wconf 89' lang='lat' dir='ltr'>docuit.</span> <span class='ocrx_word' id='word_1_147' title='bbox 653 1449 796 1496; x_wconf 85' lang='lat' dir='ltr'>Saepius</span> <span class='ocrx_word' id='word_1_148' title='bbox 825 1449 929 1484; x_wconf 87' lang='lat' dir='ltr'>etiam</span> <span class='ocrx_word' id='word_1_149' title='bbox 960 1449 1083 1483; x_wconf 79' lang='lat' dir='ltr'>exinde</span> <span class='ocrx_word' id='word_1_150' title='bbox 1117 1448 1231 1483; x_wconf 76' lang='lat' dir='ltr'>{edem</span> <span class='ocrx_word' id='word_1_151' title='bbox 1257 1449 1493 1490; x_wconf 87' lang='lat' dir='ltr'>commutavit,</span> <span class='ocrx_word' id='word_1_152' title='bbox 1525 1462 1615 1484; x_wconf 92' lang='lat' dir='ltr'>nunc</span> <span class='ocrx_word' id='word_1_153' title='bbox 1648 1450 1694 1486; x_wconf 84' lang='lat' dir='ltr'>in-</span> 
     </span>
     <span class='ocr_line' id='line_1_19' title="bbox 268 1511 1683 1560; baseline 0.004 -15"><span class='ocrx_word' id='word_1_154' title='bbox 268 1511 427 1552; x_wconf 84' lang='lat' dir='ltr'>Scotiam,</span> <span class='ocrx_word' id='word_1_155' title='bbox 450 1525 540 1547; x_wconf 91' lang='lat' dir='ltr'>nunc</span> <span class='ocrx_word' id='word_1_156' title='bbox 567 1513 602 1547; x_wconf 93' lang='lat' dir='ltr'>in</span> <span class='ocrx_word' id='word_1_157' title='bbox 630 1513 801 1560; x_wconf 85' lang='lat' dir='ltr'>Angliam,</span> <span class='ocrx_word' id='word_1_158' title='bbox 825 1513 983 1553; x_wconf 87' lang='lat' dir='ltr'>Galliam,</span> <span class='ocrx_word' id='word_1_159' title='bbox 1008 1518 1043 1546; x_wconf 91' lang='lat' dir='ltr'>et</span> <span class='ocrx_word' id='word_1_160' title='bbox 1067 1512 1205 1546; x_wconf 87' lang='lat' dir='ltr'>Italiam</span> <span class='ocrx_word' id='word_1_161' title='bbox 1228 1512 1261 1546; x_wconf 86' lang='lat' dir='ltr'>se</span> <span class='ocrx_word' id='word_1_162' title='bbox 1287 1513 1463 1558; x_wconf 88' lang='lat' dir='ltr'>recipiens.</span> <span class='ocrx_word' id='word_1_163' title='bbox 1516 1513 1683 1559; x_wconf 82' lang='lat' dir='ltr'>Denique,</span> 
     </span>
     <span class='ocr_line' id='line_1_20' title="bbox 268 1575 1681 1622; baseline 0.001 -13"><span class='ocrx_word' id='word_1_164' title='bbox 268 1575 339 1620; x_wconf 85' lang='lat' dir='ltr'>post</span> <span class='ocrx_word' id='word_1_165' title='bbox 362 1586 467 1610; x_wconf 77' lang='lat' dir='ltr'>XXIV.</span> <span class='ocrx_word' id='word_1_166' title='bbox 485 1588 653 1611; x_wconf 89' lang='lat' dir='ltr'>annorum</span> <span class='ocrx_word' id='word_1_167' title='bbox 675 1576 998 1622; x_wconf 75' lang='lat' dir='ltr'>peregrinationem,</span> <span class='ocrx_word' id='word_1_168' title='bbox 1014 1588 1131 1622; x_wconf 88' lang='lat' dir='ltr'>regem</span> <span class='ocrx_word' id='word_1_169' title='bbox 1152 1575 1316 1615; x_wconf 78' lang='lat' dir='ltr'>nativum,</span> <span class='ocrx_word' id='word_1_170' title='bbox 1334 1576 1504 1610; x_wconf 86' lang='lat' dir='ltr'>Jacobum</span> <span class='ocrx_word' id='word_1_171' title='bbox 1527 1576 1681 1617; x_wconf 83' lang='lat' dir='ltr'>Sextum,</span> 
     </span>
     <span class='ocr_line' id='line_1_21' title="bbox 267 1637 1681 1686; baseline 0.002 -15"><span class='ocrx_word' id='word_1_172' title='bbox 267 1637 467 1684; x_wconf 87' lang='lat' dir='ltr'>discipulum</span> <span class='ocrx_word' id='word_1_173' title='bbox 492 1639 588 1674; x_wconf 89' lang='lat' dir='ltr'>suum</span> <span class='ocrx_word' id='word_1_174' title='bbox 613 1640 754 1680; x_wconf 86' lang='lat' dir='ltr'>habuit;</span> <span class='ocrx_word' id='word_1_175' title='bbox 783 1639 842 1685; x_wconf 88' lang='lat' dir='ltr'>qui</span> <span class='ocrx_word' id='word_1_176' title='bbox 865 1639 923 1673; x_wconf 93' lang='lat' dir='ltr'>ubi</span> <span class='ocrx_word' id='word_1_177' title='bbox 951 1639 1155 1679; x_wconf 88' lang='lat' dir='ltr'>adoleverat,</span> <span class='ocrx_word' id='word_1_178' title='bbox 1182 1651 1261 1673; x_wconf 87' lang='lat' dir='ltr'>eum</span> <span class='ocrx_word' id='word_1_179' title='bbox 1286 1652 1307 1674; x_wconf 86' lang='lat' dir='ltr'>a</span> <span class='ocrx_word' id='word_1_180' title='bbox 1328 1638 1472 1674; x_wconf 88' lang='lat' dir='ltr'>confiliis</span> <span class='ocrx_word' id='word_1_181' title='bbox 1496 1645 1532 1674; x_wconf 90' lang='lat' dir='ltr'>et</span> <span class='ocrx_word' id='word_1_182' title='bbox 1557 1640 1681 1686; x_wconf 85' lang='lat' dir='ltr'>privati</span> 
     </span>
     <span class='ocr_line' id='line_1_22' title="bbox 267 1702 1682 1749; baseline 0.003 -14"><span class='ocrx_word' id='word_1_183' title='bbox 267 1702 362 1748; x_wconf 78' lang='lat' dir='ltr'>lig-illi</span> <span class='ocrx_word' id='word_1_184' title='bbox 401 1703 572 1738; x_wconf 84' lang='lat' dir='ltr'>custodem</span> <span class='ocrx_word' id='word_1_185' title='bbox 605 1704 694 1738; x_wconf 86' lang='lat' dir='ltr'>fecit.</span> <span class='ocrx_word' id='word_1_186' title='bbox 759 1703 822 1737; x_wconf 90' lang='lat' dir='ltr'>Vir</span> <span class='ocrx_word' id='word_1_187' title='bbox 863 1708 937 1738; x_wconf 88' lang='lat' dir='ltr'>erat</span> <span class='ocrx_word' id='word_1_188' title='bbox 980 1702 1118 1749; x_wconf 89' lang='lat' dir='ltr'>ingenio</span> <span class='ocrx_word' id='word_1_189' title='bbox 1151 1702 1292 1748; x_wconf 88' lang='lat' dir='ltr'>pollens,</span> <span class='ocrx_word' id='word_1_190' title='bbox 1331 1702 1505 1748; x_wconf 89' lang='lat' dir='ltr'>animique</span> <span class='ocrx_word' id='word_1_191' title='bbox 1546 1703 1682 1740; x_wconf 84' lang='lat' dir='ltr'>dotibus</span> 
     </span>
     <span class='ocr_line' id='line_1_23' title="bbox 266 1766 1682 1814; baseline 0.001 -14"><span class='ocrx_word' id='word_1_192' title='bbox 266 1767 493 1812; x_wconf 86' lang='lat' dir='ltr'>pulcherrime</span> <span class='ocrx_word' id='word_1_193' title='bbox 530 1768 666 1814; x_wconf 72' lang='lat' dir='ltr'>ignitus,</span> <span class='ocrx_word' id='word_1_194' title='bbox 707 1768 748 1801; x_wconf 90' lang='lat' dir='ltr'>de</span> <span class='ocrx_word' id='word_1_195' title='bbox 792 1767 901 1801; x_wconf 84' lang='lat' dir='ltr'>literis</span> <span class='ocrx_word' id='word_1_196' title='bbox 947 1767 1075 1812; x_wconf 86' lang='lat' dir='ltr'>optime</span> <span class='ocrx_word' id='word_1_197' title='bbox 1108 1766 1261 1805; x_wconf 85' lang='lat' dir='ltr'>meritus,</span> <span class='ocrx_word' id='word_1_198' title='bbox 1297 1771 1332 1800; x_wconf 91' lang='lat' dir='ltr'>et</span> <span class='ocrx_word' id='word_1_199' title='bbox 1365 1766 1420 1800; x_wconf 80' lang='lat' dir='ltr'>eui</span> <span class='ocrx_word' id='word_1_200' title='bbox 1453 1767 1682 1812; x_wconf 88' lang='lat' dir='ltr'>comparando</span> 
     </span>
     <span class='ocr_line' id='line_1_24' title="bbox 270 1829 1681 1877; baseline 0 -14"><span class='ocrx_word' id='word_1_201' title='bbox 270 1831 312 1863; x_wconf 86' lang='lat' dir='ltr'>ob</span> <span class='ocrx_word' id='word_1_202' title='bbox 353 1830 536 1876; x_wconf 80' lang='lat' dir='ltr'>lingulares</span> <span class='ocrx_word' id='word_1_203' title='bbox 569 1831 698 1877; x_wconf 87' lang='lat' dir='ltr'>ingenii</span> <span class='ocrx_word' id='word_1_204' title='bbox 741 1831 837 1864; x_wconf 85' lang='lat' dir='ltr'>dotes</span> <span class='ocrx_word' id='word_1_205' title='bbox 870 1835 965 1865; x_wconf 86' lang='lat' dir='ltr'>aetas</span> <span class='ocrx_word' id='word_1_206' title='bbox 998 1829 1109 1864; x_wconf 82' lang='lat' dir='ltr'>nostra</span> <span class='ocrx_word' id='word_1_207' title='bbox 1144 1829 1201 1862; x_wconf 77' lang='lat' dir='ltr'>vix</span> <span class='ocrx_word' id='word_1_208' title='bbox 1237 1840 1355 1874; x_wconf 89' lang='lat' dir='ltr'>parem</span> <span class='ocrx_word' id='word_1_209' title='bbox 1389 1829 1483 1869; x_wconf 82' lang='lat' dir='ltr'>vidit,</span> <span class='ocrx_word' id='word_1_210' title='bbox 1519 1841 1587 1863; x_wconf 89' lang='lat' dir='ltr'>non</span> <span class='ocrx_word' id='word_1_211' title='bbox 1620 1842 1681 1875; x_wconf 87' lang='lat' dir='ltr'>per</span> 
     </span>
     <span class='ocr_line' id='line_1_25' title="bbox 268 1892 1680 1939; baseline 0 -12"><span class='ocrx_word' id='word_1_212' title='bbox 268 1893 417 1927; x_wconf 86' lang='lat' dir='ltr'>Scotiam</span> <span class='ocrx_word' id='word_1_213' title='bbox 442 1893 559 1933; x_wconf 74' lang='lat' dir='ltr'>solimi,</span> <span class='ocrx_word' id='word_1_214' title='bbox 586 1894 642 1928; x_wconf 87' lang='lat' dir='ltr'>sed</span> <span class='ocrx_word' id='word_1_215' title='bbox 668 1898 702 1928; x_wconf 91' lang='lat' dir='ltr'>et</span> <span class='ocrx_word' id='word_1_216' title='bbox 728 1905 790 1939; x_wconf 88' lang='lat' dir='ltr'>per</span> <span class='ocrx_word' id='word_1_217' title='bbox 816 1893 986 1939; x_wconf 83' lang='lat' dir='ltr'>Angliam,</span> <span class='ocrx_word' id='word_1_218' title='bbox 1010 1892 1168 1932; x_wconf 82' lang='lat' dir='ltr'>Galliam,</span> <span class='ocrx_word' id='word_1_219' title='bbox 1196 1892 1428 1933; x_wconf 86' lang='lat' dir='ltr'>Germaniam,</span> <span class='ocrx_word' id='word_1_220' title='bbox 1455 1898 1499 1932; x_wconf 84' lang='lat' dir='ltr'>et,</span> <span class='ocrx_word' id='word_1_221' title='bbox 1526 1897 1564 1927; x_wconf 94' lang='lat' dir='ltr'>ut</span> <span class='ocrx_word' id='word_1_222' title='bbox 1590 1905 1680 1928; x_wconf 89' lang='lat' dir='ltr'>com-</span> 
     </span>
     <span class='ocr_line' id='line_1_26' title="bbox 266 1955 1678 2003; baseline -0.001 -12"><span class='ocrx_word' id='word_1_223' title='bbox 266 1958 390 2003; x_wconf 89' lang='lat' dir='ltr'>pendio</span> <span class='ocrx_word' id='word_1_224' title='bbox 419 1958 539 1997; x_wconf 90' lang='lat' dir='ltr'>dicam,</span> <span class='ocrx_word' id='word_1_225' title='bbox 570 1970 631 2003; x_wconf 86' lang='lat' dir='ltr'>per</span> <span class='ocrx_word' id='word_1_226' title='bbox 660 1957 765 2003; x_wconf 86' lang='lat' dir='ltr'>ipsam</span> <span class='ocrx_word' id='word_1_227' title='bbox 794 1957 981 1992; x_wconf 89' lang='lat' dir='ltr'>studiorum</span> <span class='ocrx_word' id='word_1_228' title='bbox 1010 1961 1157 1990; x_wconf 87' lang='lat' dir='ltr'>matrem</span> <span class='ocrx_word' id='word_1_229' title='bbox 1189 1955 1338 1990; x_wconf 82' lang='lat' dir='ltr'>Italiam.</span> <span class='ocrx_word' id='word_1_230' title='bbox 1401 1957 1453 1990; x_wconf 90' lang='lat' dir='ltr'>De</span> <span class='ocrx_word' id='word_1_231' title='bbox 1487 1956 1582 2002; x_wconf 86' lang='lat' dir='ltr'>cujus</span> <span class='ocrx_word' id='word_1_232' title='bbox 1615 1956 1678 1991; x_wconf 80' lang='lat' dir='ltr'>viri</span> 
     </span>
     <span class='ocr_line' id='line_1_27' title="bbox 266 2018 1678 2065; baseline -0.001 -11"><span class='ocrx_word' id='word_1_233' title='bbox 266 2021 423 2056; x_wconf 79' lang='lat' dir='ltr'>laudibus</span> <span class='ocrx_word' id='word_1_234' title='bbox 449 2033 518 2055; x_wconf 85' lang='lat' dir='ltr'>non</span> <span class='ocrx_word' id='word_1_235' title='bbox 549 2021 594 2055; x_wconf 88' lang='lat' dir='ltr'>est</span> <span class='ocrx_word' id='word_1_236' title='bbox 622 2033 683 2055; x_wconf 88' lang='lat' dir='ltr'>cur</span> <span class='ocrx_word' id='word_1_237' title='bbox 709 2020 827 2055; x_wconf 86' lang='lat' dir='ltr'>multis</span> <span class='ocrx_word' id='word_1_238' title='bbox 857 2020 912 2055; x_wconf 90' lang='lat' dir='ltr'>hic</span> <span class='ocrx_word' id='word_1_239' title='bbox 941 2031 1050 2065; x_wconf 85' lang='lat' dir='ltr'>agam,</span> <span class='ocrx_word' id='word_1_240' title='bbox 1081 2030 1166 2064; x_wconf 87' lang='lat' dir='ltr'>quas</span> <span class='ocrx_word' id='word_1_241' title='bbox 1193 2018 1258 2053; x_wconf 89' lang='lat' dir='ltr'>scio</span> <span class='ocrx_word' id='word_1_242' title='bbox 1289 2019 1439 2054; x_wconf 87' lang='lat' dir='ltr'>notiores</span> <span class='ocrx_word' id='word_1_243' title='bbox 1470 2018 1544 2059; x_wconf 77' lang='lat' dir='ltr'>effe,</span> <span class='ocrx_word' id='word_1_244' title='bbox 1576 2031 1678 2064; x_wconf 77' lang='lat' dir='ltr'>qua-m</span> 
     </span>
     <span class='ocr_line' id='line_1_28' title="bbox 265 2081 1677 2131; baseline -0.002 -12"><span class='ocrx_word' id='word_1_245' title='bbox 265 2091 302 2119; x_wconf 86' lang='lat' dir='ltr'>ut</span> <span class='ocrx_word' id='word_1_246' title='bbox 339 2085 464 2131; x_wconf 85' lang='lat' dir='ltr'>frigida</span> <span class='ocrx_word' id='word_1_247' title='bbox 501 2084 755 2130; x_wconf 86' lang='lat' dir='ltr'>praedicatione</span> <span class='ocrx_word' id='word_1_248' title='bbox 800 2096 876 2118; x_wconf 85' lang='lat' dir='ltr'>mea</span> <span class='ocrx_word' id='word_1_249' title='bbox 916 2082 1069 2128; x_wconf 78' lang='lat' dir='ltr'>indigere</span> <span class='ocrx_word' id='word_1_250' title='bbox 1108 2081 1297 2116; x_wconf 86' lang='lat' dir='ltr'>videantur.</span> <span class='ocrx_word' id='word_1_251' title='bbox 1364 2082 1537 2116; x_wconf 89' lang='lat' dir='ltr'>Liberiore</span> <span class='ocrx_word' id='word_1_252' title='bbox 1571 2081 1677 2116; x_wconf 86' lang='lat' dir='ltr'>veluti</span> 
     </span>
     <span class='ocr_line' id='line_1_29' title="bbox 264 2145 1678 2191; baseline -0.002 -8"><span class='ocrx_word' id='word_1_253' title='bbox 264 2149 381 2188; x_wconf 87' lang='lat' dir='ltr'>studio,</span> <span class='ocrx_word' id='word_1_254' title='bbox 425 2153 463 2182; x_wconf 92' lang='lat' dir='ltr'>ut</span> <span class='ocrx_word' id='word_1_255' title='bbox 503 2148 544 2182; x_wconf 90' lang='lat' dir='ltr'>de</span> <span class='ocrx_word' id='word_1_256' title='bbox 587 2147 733 2182; x_wconf 83' lang='lat' dir='ltr'>Joviano</span> <span class='ocrx_word' id='word_1_257' title='bbox 775 2147 932 2181; x_wconf 88' lang='lat' dir='ltr'>Pontano</span> <span class='ocrx_word' id='word_1_258' title='bbox 973 2145 1088 2180; x_wconf 85' lang='lat' dir='ltr'>scribit</span> <span class='ocrx_word' id='word_1_259' title='bbox 1123 2145 1250 2180; x_wconf 84' lang='lat' dir='ltr'>Paulus</span> <span class='ocrx_word' id='word_1_260' title='bbox 1290 2146 1419 2185; x_wconf 82' lang='lat' dir='ltr'>Jovius,</span> <span class='ocrx_word' id='word_1_261' title='bbox 1462 2145 1575 2180; x_wconf 85' lang='lat' dir='ltr'>Musas</span> <span class='ocrx_word' id='word_1_262' title='bbox 1616 2158 1678 2191; x_wconf 90' lang='lat' dir='ltr'>per</span> 
     </span>
     <span class='ocr_line' id='line_1_30' title="bbox 264 2209 1675 2255; baseline -0.002 -9"><span class='ocrx_word' id='word_1_263' title='bbox 264 2224 382 2246; x_wconf 87' lang='lat' dir='ltr'>omnes</span> <span class='ocrx_word' id='word_1_264' title='bbox 411 2223 570 2247; x_wconf 88' lang='lat' dir='ltr'>numeros</span> <span class='ocrx_word' id='word_1_265' title='bbox 600 2211 761 2250; x_wconf 84' lang='lat' dir='ltr'>exercuit,</span> <span class='ocrx_word' id='word_1_266' title='bbox 791 2215 889 2244; x_wconf 84' lang='lat' dir='ltr'>tanta</span> <span class='ocrx_word' id='word_1_267' title='bbox 915 2209 1038 2244; x_wconf 85' lang='lat' dir='ltr'>habilis</span> <span class='ocrx_word' id='word_1_268' title='bbox 1067 2209 1195 2255; x_wconf 89' lang='lat' dir='ltr'>ingenii</span> <span class='ocrx_word' id='word_1_269' title='bbox 1223 2209 1463 2249; x_wconf 85' lang='lat' dir='ltr'>foecunditate,</span> <span class='ocrx_word' id='word_1_270' title='bbox 1494 2214 1533 2243; x_wconf 90' lang='lat' dir='ltr'>ut</span> <span class='ocrx_word' id='word_1_271' title='bbox 1564 2221 1675 2255; x_wconf 82' lang='lat' dir='ltr'>neque</span> 
     </span>
     <span class='ocr_line' id='line_1_31' title="bbox 263 2272 1675 2322; baseline -0.001 -12"><span class='ocrx_word' id='word_1_272' title='bbox 263 2275 382 2322; x_wconf 87' lang='lat' dir='ltr'>poetis,</span> <span class='ocrx_word' id='word_1_273' title='bbox 406 2287 516 2321; x_wconf 88' lang='lat' dir='ltr'>neque</span> <span class='ocrx_word' id='word_1_274' title='bbox 547 2273 747 2313; x_wconf 86' lang='lat' dir='ltr'>oratoribus,</span> <span class='ocrx_word' id='word_1_275' title='bbox 774 2273 833 2318; x_wconf 86' lang='lat' dir='ltr'>qui</span> <span class='ocrx_word' id='word_1_276' title='bbox 858 2278 934 2307; x_wconf 86' lang='lat' dir='ltr'>tum</span> <span class='ocrx_word' id='word_1_277' title='bbox 962 2272 1110 2307; x_wconf 72' lang='lat' dir='ltr'>maxime</span> <span class='ocrx_word' id='word_1_278' title='bbox 1138 2273 1310 2312; x_wconf 85' lang='lat' dir='ltr'>florerent,</span> <span class='ocrx_word' id='word_1_279' title='bbox 1340 2273 1481 2319; x_wconf 89' lang='lat' dir='ltr'>dignum</span> <span class='ocrx_word' id='word_1_280' title='bbox 1510 2272 1675 2308; x_wconf 84' lang='lat' dir='ltr'>secundae</span> 
     </span>
    </p>
   </div>
  </div>
 </body>
</html>
