1913 2692
281 224 320 251 48
664 221 725 251 DE
765 220 1097 252 SCRIPTORIBUS
1135 220 1297 251 SCOTIS.

280 312 348 357 qui,
372 317 411 347 ut
429 324 472 347 ex
489 311 642 347 moribus
663 312 816 358 liquebit,
840 311 1052 358 simplicitate
1076 311 1271 345 columbina
1298 316 1448 351 ornatus,
1473 316 1508 345 et
1528 311 1621 345 omni
1638 323 1690 344 re-

281 375 462 411 conditiori
485 375 698 422 philosophia
720 375 913 416 instructus,
938 375 1074 410 virtutis
1100 375 1340 421 religionisque
1361 375 1446 409 fines
1472 375 1691 421 undiquaque

282 440 317 472 in
340 439 468 474 vicinas
491 444 619 485 gentes,
645 451 724 473 cum
750 439 879 474 Sancto
906 439 1006 473 Gallo
1034 438 1174 484 aliisque
1202 439 1355 485 probatis
1382 438 1561 485 discipulis,
1590 450 1692 484 quam

283 502 438 537 latiffime
468 502 620 548 protulit.
681 502 790 536 Natus
816 502 852 536 in
875 502 1031 548 Kentyra
1062 501 1238 547 provincia
1262 514 1367 547 penes
1390 502 1528 536 Ebudas
1554 501 1692 539 Insulas,

284 565 455 599 institutus
484 570 519 599 et
547 565 689 599 edoctus
715 564 805 599 inter
831 565 1016 599 monachos
1046 565 1286 605 Colnkilenses,
1317 566 1376 611 qui
1403 566 1567 611 plurimas
1592 565 1695 600 cellas

284 629 530 663 monachorum
555 629 590 663 in
616 641 656 663 ea
678 628 786 663 insula
807 629 1012 669 habuerunt,
1034 634 1069 664 et
1094 629 1153 664 ubi
1174 634 1307 663 veteres
1329 629 1510 664 Scotorum
1527 641 1625 676 reges
1648 629 1696 663 se—

284 693 509 738 peliebantur,
541 705 687 739 quorum
713 692 904 739 sepulturas
928 693 1039 727 adhuc
1065 692 1181 739 passim
1211 692 1509 739 peregrinantibus
1535 692 1696 739 conspici—

286 762 400 792 untur.
452 757 514 791 Vir
541 757 686 792 eximiae
713 757 913 798 sanetitatis,
943 757 1067 797 meriti,
1095 762 1130 791 et
1160 756 1348 797 doctrinae,
1378 762 1477 803 pater
1508 757 1697 792 multorum

287 821 432 855 millium
458 821 713 861 monachorum,
741 827 776 856 et
796 821 1076 856 monasteriorum
1098 820 1249 867 plurium
1273 820 1444 861 fundator,
1470 820 1575 855 divini
1603 821 1697 855 verbi

288 884 470 919 seminator
495 885 661 931 egregius,
687 884 854 931 principio
879 897 1019 931 operam
1044 884 1138 919 dedit
1163 890 1202 919 ut
1227 885 1473 919 monachorum
1501 885 1699 919 nefiteretur

289 946 450 986 societati,
477 958 517 981 ac
540 947 780 981 monasterium
806 947 1066 982 Banochorense
1089 948 1199 993 petiit,
1223 948 1259 982 in
1284 960 1353 993 quo
1373 947 1506 994 praesul
1532 948 1699 982 virtutum

290 1011 448 1044 ubertate
481 1010 618 1045 cluebat
651 1010 844 1057 Congellus,
879 1011 1036 1058 egregius
1069 1011 1159 1047 inter
1187 1010 1265 1046 suos
1296 1012 1543 1047 monachorum
1576 1017 1699 1057 pater:

290 1072 440 1118 peremtis
469 1078 585 1108 autem
615 1085 783 1107 annm-iun
812 1073 1001 1108 multorum
1031 1075 1066 1110 in
1099 1076 1302 1110 monasterio
1331 1075 1475 1115 circulis,
1506 1076 1701 1122 peregrinae

290 1137 420 1170 tionem
437 1136 624 1171 desiderare
647 1137 769 1182 coepit,
791 1149 811 1171 a
833 1137 1040 1172 Britannicis
1062 1151 1144 1185 ergo
1167 1139 1291 1174 finibus
1311 1138 1512 1185 progreffus,
1530 1139 1574 1174 ad
1597 1139 1702 1173 Galli-

292 1212 348 1234 cas
370 1200 482 1234 tendit
499 1205 534 1234 et
557 1200 787 1240 Germanicas,
815 1201 908 1235 velut
929 1201 1011 1235 olim
1037 1201 1208 1236 Druidum
1231 1202 1410 1249 princeps3
1434 1203 1635 1241 Luxovium,
1654 1203 1702 1236 lo-

293 1275 370 1297 cum
391 1263 427 1297 in
454 1263 663 1309 Burgundia,
682 1275 702 1298 a
719 1263 909 1298 turbidiore
933 1265 1051 1310 populi
1073 1265 1313 1301 communione
1334 1266 1557 1313 segregatum,
1576 1265 1702 1312 selegit,

294 1328 328 1360 in
347 1339 415 1373 quo
433 1327 612 1373 discipulis,
630 1327 855 1362 monachatus
872 1329 1112 1375 praeceptione
1129 1330 1329 1370 informatis,
1348 1330 1588 1365 monasterium
1609 1342 1703 1376 mag-

294 1392 441 1431 nificum,
470 1392 691 1438 permittente
719 1392 928 1427 Theodorieo
957 1405 1048 1440 rege,
1073 1393 1169 1428 fimul
1196 1399 1231 1429 et
1260 1394 1473 1429 Fontanense
1501 1394 1702 1429 coenobium

295 1455 486 1495 exstruxit;
528 1467 548 1490 a
589 1467 657 1500 quo
698 1467 779 1501 rege
813 1456 989 1501 postquam
1023 1457 1058 1491 in
1092 1458 1233 1492 exilium
1273 1458 1319 1493 est
1358 1457 1482 1493 miffus.
1546 1459 1703 1503 Denique

296 1520 528 1554 Columbanus
553 1519 768 1554 Alemaniam
797 1520 998 1566 ingreditur,
1021 1521 1080 1555 ubi
1111 1521 1144 1556 S.
1169 1522 1306 1557 Gallum
1337 1522 1498 1568 reliquit3
1526 1521 1594 1567 ipse
1624 1534 1705 1555 vero

297 1584 330 1616 in
361 1583 497 1617 Italiam
519 1582 691 1623 transiens,
722 1583 794 1628 post
819 1583 925 1618 vitam
951 1583 1152 1620 sanctiffime
1183 1586 1401 1625 transactam,
1439 1586 1474 1620 in
1504 1586 1704 1622 monasterio

299 1647 464 1688 Bobienfi,
492 1647 559 1687 seu,
585 1652 624 1682 ut
647 1647 823 1682 Marianus
851 1648 973 1683 Scotus
998 1648 1123 1689 scribit,
1150 1649 1313 1690 Bovienfi,
1340 1650 1431 1696 quod
1456 1651 1500 1684 ab
1526 1661 1567 1684 eo
1587 1649 1707 1683 funda-

300 1719 373 1746 tum
407 1718 441 1746 et
471 1713 637 1751 erectum,
672 1711 749 1746 suae
784 1711 999 1746 liberalitatis
1025 1724 1064 1747 ac
1096 1713 1271 1759 religionis
1303 1719 1509 1760 perpetuum
1543 1714 1576 1747 in
1608 1713 1708 1747 Italia

299 1776 363 1809 erit
389 1780 659 1815 monumentum,
680 1775 724 1809 ad
752 1775 917 1815 divorum,
941 1787 1026 1822 quos
1049 1777 1167 1812 ordine
1190 1789 1229 1812 ac
1257 1777 1443 1812 constantia
1465 1777 1554 1812 vitae
1577 1777 1709 1822 semper

302 1839 454 1873 imitatus
471 1840 526 1878 est,
545 1844 681 1873 coetmn
699 1838 932 1884 proficiscitur.
982 1839 1094 1875 Multa
1111 1841 1304 1886 parabolice
1324 1839 1459 1886 scripsit.

447 1904 487 1937 ln
504 1902 708 1937 Psalterium
726 1902 1007 1942 Commentarios,
1025 1903 1082 1938 lib.
1101 1914 1124 1938 Ι.

447 1967 655 2002 Collationes
671 1967 715 2001 ad
732 1966 928 2006 Monachos,
947 1967 1003 2002 lib.
1023 1978 1046 2001 1.

447 2032 498 2066 De
516 2031 670 2066 Moribus
688 2043 816 2071 eorum,
834 2031 986 2071 metrice,
1004 2032 1062 2065 lib.
1082 2041 1103 2065 Ι.

448 2094 732 2130 Monasteriorum
751 2094 942 2135 Methodos,
960 2094 1017 2130 lib.
1036 2105 1059 2128 Ι.

448 2158 614 2204 Epistolas
631 2158 674 2192 ad
693 2157 960 2197 Commilitones,
978 2157 1033 2192 lib.
1054 2169 1076 2192 1.

447 2221 618 2256 Adversus
636 2222 767 2268 Regem
785 2221 989 2262 adulterum,
1007 2222 1064 2256 lib.
1084 2232 1106 2255 Ι.
