1913 2692
616 216 678 246 DE
716 214 1049 246 SCRIPTORIBUS
1083 214 1246 244 SCOTIS.
1604 216 1644 255 (57

381 306 433 341 De
451 307 621 351 Computo
639 305 833 351 Dialogum‚
851 305 908 340 lib.
930 315 953 338 Ι.

379 370 431 405 De
449 369 711 410 Quaestionibus
729 369 918 407 Canonum,
937 368 994 403 lib.
1013 378 1036 402 1.

377 434 429 468 De
447 432 773 472 Praedestinatione,
793 433 849 467 lib.
870 443 892 466 Ι.

377 481 430 532 De
448 497 536 531 Ortu
555 501 589 530 et
607 496 762 531 Moribus
780 496 989 535 Antiehristi‚
1008 496 1065 530 lib.
1086 507 1108 529 1.

233 561 279 595 Et
307 560 383 595 alia.
452 561 540 596 Vide
574 560 724 595 nostrum
754 561 796 595 de
827 560 1059 606 Scriptoribus
1089 561 1244 596 Seotieae
1279 562 1401 597 Gentis
1435 562 1647 607 Cataloguni.

232 625 365 660 claruit
387 637 477 660 anno
503 625 696 660 Servatoris
719 625 754 659 in
780 637 919 660 carnem
944 624 1112 659 venientis
1134 627 1214 665 803,
1241 625 1406 660 Convallo
1434 625 1591 660 Secundo
1615 625 1647 658 in

234 689 349 724 scotia
366 695 543 735 regnante.

679 832 742 866 DE
767 831 954 866 JOANNE
979 831 1202 867 ERIGENA.

233 942 402 976 -JOANNES
444 942 617 977 ERIGENA
660 942 782 981 dietus,
825 948 885 977 aut
928 942 1101 988 Airigena,
1144 944 1187 978 ab
1230 944 1299 978 Era
1345 945 1400 979 vel
1442 946 1526 980 Aira
1567 948 1651 981 urbe

233 1006 369 1040 Scotiae
398 1005 534 1045 celebri,
567 1017 655 1051 quae
681 1005 765 1039 alias
791 1005 921 1040 dicitur
951 1007 1116 1052 oppidum
1147 1007 1182 1042 S.
1212 1008 1366 1048 Joannis.
1394 1009 1469 1044 aliis
1501 1011 1653 1045 Joannes

235 1070 367 1109 scotus,
394 1069 447 1103 vel
474 1069 635 1115 Magister
662 1068 862 1109 Monachus,
897 1070 1100 1115 cognomine
1127 1076 1162 1106 et
1189 1073 1328 1108 natione
1355 1074 1486 1115 Scotus,
1517 1081 1555 1110 ut
1585 1080 1654 1110 tra-

234 1133 284 1168 dit
310 1133 430 1179 Major,
462 1132 638 1173 Boethius,
664 1132 828 1172 Lessaeus,
861 1133 1101 1175 Buchananus,
1127 1135 1357 1182 Dempsterus,
1384 1143 1419 1172 et
1446 1138 1514 1173 alii.
1566 1140 1653 1173 Item

234 1197 395 1232 Nicolaus
429 1209 518 1243 papa
552 1197 689 1231 Primus
723 1197 764 1231 de
801 1209 841 1232 eo
873 1197 908 1231 in
942 1197 1092 1244 Epistola
1124 1200 1168 1235 ad
1202 1201 1365 1236 Carolum
1398 1202 1579 1238 Caesarem
1612 1203 1654 1238 fic

234 1261 370 1296 scribit:
401 1268 418 1280 ‘⁶
433 1261 597 1296 Relatum
626 1261 673 1296 est
699 1261 901 1307 apostolatui
927 1262 1048 1303 nostro,
1076 1265 1167 1310 quod
1191 1277 1276 1311 opus
1302 1266 1341 1300 B.
1370 1266 1521 1313 Dionysii
1548 1269 1655 1303 Areo-

234 1326 378 1372 pagitae,
409 1326 501 1371 quod
535 1326 576 1360 de
611 1325 734 1360 divinis
769 1325 972 1363 nominibus,
1004 1327 1058 1361 vel
1086 1328 1285 1364 caelestibus
1314 1330 1491 1366 ordinibus
1519 1332 1653 1367 Graeco

233 1388 404 1435 descripsit
424 1389 570 1435 eloquio,
594 1389 734 1435 quidam
760 1389 812 1423 vir
837 1389 998 1430 Joannes,
1028 1391 1151 1426 Scotus
1178 1404 1314 1438 genere,
1343 1405 1453 1440 nuper
1478 1395 1514 1429 in
1536 1395 1652 1430 Latin-

235 1465 293 1487 um
334 1453 572 1493 transtulerit;
614 1453 706 1498 quod
743 1453 847 1498 juxta
879 1465 1012 1488 morem
1046 1455 1144 1490 nobis
1177 1455 1278 1496 mitti,
1314 1462 1348 1491 et
1384 1458 1497 1493 nostro
1524 1459 1655 1504 judicio

234 1517 354 1553 debuit
383 1517 578 1563 approbari,
610 1517 811 1562 praesertim
846 1529 925 1551 cum
955 1517 1048 1552 idem
1080 1519 1242 1560 Joannes,
1278 1519 1359 1555 licet
1391 1522 1522 1556 multae
1552 1522 1656 1557 scien-

235 1581 303 1616 tiae
333 1579 399 1616 efl'e
433 1581 660 1627 praedicetur,
695 1581 778 1615 olim
812 1593 881 1615 non
914 1580 993 1616 sane
1027 1582 1143 1628 sapere
1178 1583 1213 1618 in
1248 1584 1451 1630 quibusdam
1483 1586 1654 1632 frequenti

235 1657 372 1680 rumore
400 1645 561 1680 dicatur.”
613 1645 682 1680 Sed
704 1650 740 1680 et
766 1645 956 1680 Anastafius
984 1645 1026 1680 de
1049 1645 1169 1693 infigni
1194 1647 1378 1683 sanctitate
1402 1649 1514 1684 adhuc
1542 1649 1656 1684 viven-

236 1715 306 1744 tem
335 1708 508 1744 collaudat
538 1708 591 1743 his
620 1709 734 1743 verbis
767 1709 811 1743 ad
845 1709 1025 1743 Carolum:
1063 1716 1080 1728 ⁸⁴
1093 1711 1291 1746 Mirandum
1321 1724 1459 1758 quoque
1493 1713 1540 1748 est
1573 1726 1656 1760 quo-

236 1772 337 1807 modo
380 1772 437 1806 ille
480 1772 532 1806 vir
573 1773 749 1812 barbarus,
782 1772 954 1807 Joannem
989 1773 1073 1813 dico,
1111 1774 1168 1809 ille
1202 1775 1261 1821 qui
1301 1776 1335 1811 in
1371 1777 1497 1812 finibus
1537 1779 1655 1812 mundi

237 1836 371 1882 positus,
399 1841 528 1881 quanto
554 1837 597 1870 ab
623 1836 819 1871 hominibus
845 1836 1110 1879 conversatione,
1133 1844 1232 1874 tanto
1258 1840 1351 1874 credi
1377 1841 1491 1887 potuit
1515 1842 1657 1877 alterius

238 1901 372 1946 linguae
419 1899 571 1934 dictione
618 1900 846 1946 longinquius,
888 1901 972 1936 talia
1014 1902 1195 1938 intellectu
1240 1915 1362 1950 capere
1405 1905 1441 1939 in
1486 1906 1656 1952 aliamque

237 1965 389 2011 linguam
412 1965 600 1999 transferre
630 1965 786 2001 voluerit.
841 1966 1012 2001 -Joannem
1038 1967 1114 2001 dico
1141 1967 1370 2014 Scotigenam,
1399 1969 1522 2009 virum,
1551 1982 1657 2015 quan-

240 2035 315 2063 tum
339 2029 502 2075 comperi,
529 2041 591 2075 per
618 2029 733 2064 omnia
765 2029 930 2071 sanctum,
955 2029 1020 2065 five
1046 2031 1160 2076 potius
1182 2031 1373 2072 scientem‚”
1402 2039 1466 2068 etc.
1521 2034 1658 2068 Frustra

239 2105 321 2139 ergo
364 2093 497 2128 Pitseus
540 2093 719 2128 Nicolaum
762 2106 886 2140 papam
925 2107 968 2129 ex
1005 2095 1151 2130 aliorum
1187 2102 1324 2131 tantum
1358 2097 1525 2132 relatione
1560 2098 1656 2133 illum

236 2168 362 2203 genere
397 2157 539 2192 Scotum
575 2156 780 2204 nuncupaffe
813 2158 1070 2204 interpretatur,
1100 2160 1191 2194 unde
1225 2160 1317 2195 enim
1352 2161 1409 2196 ille
1445 2162 1656 2209 Eurigenam

238 2220 371 2256 dietum
410 2219 476 2256 effe
516 2222 599 2260 vult,
634 2234 677 2256 ex
711 2222 812 2256 unico
846 2222 972 2257 scilicet
1009 2223 1157 2258 Suffrido
1191 2224 1304 2259 Petro.
1377 2225 1442 2260 Hic
1477 2226 1512 2260 in
1547 2227 1658 2273 patria

240 2282 351 2318 schola
387 2284 496 2320 literis
529 2285 757 2320 mediocriter
793 2286 933 2325 tinctus,
970 2286 1037 2322 sese
1071 2287 1185 2322 animo
1218 2288 1262 2323 ad
1292 2289 1423 2335 majora
1454 2290 1659 2336 capescenda
