1913 2692
252 171 293 201 98
646 167 707 196 DE
741 166 1073 197 SCRIPTORIBUS
1109 166 1270 197 SCOTIS.

253 259 298 294 Et
327 259 395 293 alia
423 259 541 293 multa.
594 258 681 293 Vide
709 258 860 292 nostrum
892 258 933 293 de
961 257 1192 304 Scriptoribus
1220 261 1356 291 nostrae
1386 257 1507 292 Gentis
1532 257 1666 292 Catalo-

253 334 344 368 gum.
409 322 548 356 Tolosae
583 321 721 356 demum
756 320 871 356 obiiffe
904 321 1014 356 fertur
1047 333 1137 355 anno
1170 334 1190 356 a
1224 321 1406 356 Servatore
1441 326 1523 355 nato
1564 322 1666 361 1527,

254 388 288 420 in
307 398 374 432 quo
392 386 452 421 sub
471 385 602 420 Jacobo
621 385 750 426 Quinto
768 385 893 419 floruit.

653 526 716 561 DE
740 526 763 560 J
766 526 892 560 OANN
896 526 926 560 E
951 526 1270 562 BALLANTYNO.

254 638 424 672 JOANNES
460 637 748 677 BALLANTYNUS‚
783 637 837 671 vel
871 637 986 683 potius
1019 638 1258 678 Bellendenus,
1292 638 1497 684 Theologiae
1527 639 1667 677 Doctor,

256 708 290 736 et
321 701 592 736 Archidiaconus
623 700 851 741 Moravienfis,
882 713 1008 747 genere
1035 706 1070 735 et
1103 701 1242 736 natione
1273 701 1404 742 Scotus,
1439 714 1482 735 ex
1511 703 1669 738 orientali

259 766 434 801 Laudonia
467 771 502 800 et
540 766 680 801 honesta
714 765 1004 800 Bellendenorum
1037 764 1167 800 familia
1199 765 1373 804 oriundus,
1409 765 1602 800 adolescens
1635 767 1670 801 in

256 842 335 864 rure
368 829 475 864 natali
509 829 620 875 prima
652 828 831 863 literarum
864 828 1088 863 fundamenta
1114 828 1209 874 jecit,
1240 833 1274 863 et
1304 828 1420 863 literas
1453 829 1672 865 humaniores

257 895 371 928 sedulo
408 893 553 934 didicit3
592 892 715 928 deinde
749 893 793 927 ad
826 892 1049 927 Academiam
1089 892 1418 938 Andreapolitanam
1456 892 1579 934 miffus,
1615 895 1671 930 de-

257 957 353 992 curso
395 956 629 1003 philosophiae
673 956 780 991 studio
824 956 914 990 inter
956 956 1137 1002 magisterii
1187 956 1387 992 candidatos
1432 957 1481 992 ita
1522 957 1670 994 emicuit.

257 1028 295 1056 ut
338 1022 428 1056 inter
468 1021 579 1056 stellas
620 1021 703 1054 luna
743 1020 901 1055 minores.
975 1020 1103 1060 Postea,
1146 1020 1276 1066 majora
1316 1020 1465 1055 discendi
1507 1021 1671 1057 desiderio

257 1087 380 1125 tactus,
411 1097 534 1120 navem
568 1084 726 1124 ascendit,
757 1089 792 1119 et
821 1089 925 1118 vento
950 1084 1095 1119 lecimdo
1121 1084 1157 1118 in
1183 1084 1331 1119 Galliam
1359 1084 1405 1119 est
1431 1085 1586 1126 delatus3
1613 1087 1670 1120 ubi

258 1149 470 1184 scholasticae
512 1148 705 1195 theologiae
748 1160 887 1194 operam
929 1147 1032 1187 dedit,
1074 1147 1298 1194 susceptisque
1340 1148 1505 1195 supremis
1554 1149 1589 1183 in
1631 1162 1672 1184 ea

257 1213 420 1248 facultate
450 1211 643 1258 insignibus,
672 1211 779 1246 solum
809 1211 924 1246 natale
953 1211 1045 1246 haud
1074 1211 1184 1246 multo
1218 1212 1400 1258 interjecto
1434 1218 1590 1259 tempore
1619 1226 1671 1249 re—

258 1277 389 1322 petiit;
431 1281 535 1322 atque
578 1275 706 1310 ibidem
748 1280 888 1309 vocatus
930 1274 1128 1313 Moraviam‚
1168 1274 1280 1309 faetus
1321 1275 1368 1310 est
1404 1275 1670 1311 archidiaconus.

259 1341 344 1374 Erat
374 1339 569 1386 linguarum
594 1337 822 1385 peritissimus,
846 1343 881 1373 et
904 1338 940 1372 in
963 1337 1134 1373 sacrarum
1161 1338 1417 1384 Scripturarum
1439 1338 1589 1374 lectione
1615 1352 1673 1386 op—

258 1403 342 1439 time
379 1402 555 1438 versatus:
592 1402 627 1436 in
660 1402 769 1437 literis
802 1401 1071 1442 humanioribus,
1103 1401 1168 1435 five
1202 1401 1315 1447 poefin
1349 1401 1488 1448 spectes,
1523 1402 1588 1438 five
1622 1404 1671 1438 so·

260 1468 368 1501 lutam
398 1466 599 1506 orationem,
627 1471 701 1501 erat
732 1464 1029 1512 exquifitiffimus;
1064 1470 1181 1500 orator
1212 1465 1388 1506 facundus,
1418 1467 1528 1502 bonus
1561 1473 1672 1514 poeta.

261 1531 386 1564 solidus
426 1530 616 1575 theologus,
652 1529 873 1564 concionator
905 1528 1057 1568 celebris,
1092 1528 1357 1564 mathematicus
1390 1529 1482 1564 haud
1514 1531 1672 1578 vulgaris,

262 1600 296 1627 et
337 1593 540 1628 nominatim
587 1592 852 1639 cosmographus
892 1591 1037 1638 insignis,
1077 1592 1368 1638 historiographus
1409 1605 1477 1628 non
1519 1599 1673 1629 temnen-

263 1659 334 1698 dus,
374 1662 410 1692 et
449 1662 571 1692 acutus
603 1655 833 1702 philosophus,
872 1655 1019 1702 denique
1057 1655 1092 1689 in
1126 1654 1219 1689 omni
1253 1656 1461 1701 optimarum
1495 1657 1673 1692 literarum

263 1722 402 1757 scientia
427 1721 556 1768 optime
582 1720 775 1755 instructus.
827 1719 1086 1754 “Accuratione
1112 1731 1181 1752 non
1208 1718 1371 1759 modiea‚’'
1397 1719 1509 1766 inquit
1539 1720 1672 1761 Baleus,

265 1794 281 1804 ·‘
294 1785 449 1821 scientias
475 1784 643 1819 humanas
672 1783 744 1818 fere
774 1794 892 1818 omnes
921 1788 1024 1828 atque
1059 1782 1192 1817 divinas
1221 1781 1405 1829 acquifivit.
1456 1783 1512 1818 Sic
1545 1785 1674 1820 multae

264 1848 465 1884 eruditionis
493 1847 627 1894 praeses
655 1847 734 1882 inde
761 1847 882 1887 saffirus,
912 1851 1089 1881 tantorum
1122 1845 1360 1881 thesaurorum
1390 1859 1459 1882 non
1491 1860 1675 1895 perparcus

265 1914 364 1948 dator
389 1911 509 1947 haberi
537 1911 654 1951 voluit,
683 1911 740 1946 sed
764 1910 927 1956 quicquid
951 1911 1119 1945 bonarum
1145 1909 1397 1957 disciplinarum
1422 1911 1525 1958 longo
1550 1913 1675 1959 quaefi-

266 1981 362 2012 verat
391 1976 517 2016 labore,
552 1975 650 2010 valde
684 1973 838 2020 prodeffe
871 1974 1035 2009 studiosus
1068 1975 1235 2021 magister,
1274 1975 1423 2010 ubertim
1456 1976 1607 2022 profudit
1640 1977 1674 2012 in

266 2042 410 2076 omnes.'’
470 2039 582 2074 Multa
619 2038 752 2073 erudite
793 2037 920 2084 scripsit
955 2038 1010 2072 hic
1046 2040 1192 2074 auctor:
1230 2039 1314 2074 haec
1348 2039 1467 2075 saltem
1499 2040 1674 2087 sequentia

266 2108 490 2139 monumenta
515 2102 669 2137 literaria
697 2102 741 2137 ad
771 2101 918 2136 nostram
943 2101 1102 2136 notitiam
1128 2108 1367 2148 pervenerunt.
1418 2103 1471 2137 Ex
1497 2103 1619 2138 Latino
1640 2105 1672 2138 in

270 2166 494 2213 [sermonem]
520 2166 697 2213 vulgarem
727 2165 895 2201 convertit
920 2165 1127 2201 fideliffimus
1153 2166 1322 2212 interpres
1348 2166 1530 2202 Historiam
1554 2167 1675 2202 Gentis
