1913 2692
278 189 338 217 122
669 188 732 218 DE
767 188 1099 220 SCRIPTORIBUS
1134 189 1296 220 SCOTIS.

281 278 361 312 dino
388 276 598 324 Andreapoli
628 277 858 324 acquffiviffet,
887 279 931 313 ad
957 279 1081 325 praxin
1107 280 1220 325 postea
1249 280 1281 314 se
1307 279 1462 319 contulit,
1493 292 1603 327 neque
1632 282 1691 318 diu

280 341 455 387 ingenium
481 341 552 387 ejus
582 340 709 387 infigne
737 342 845 376 latere
870 343 993 388 potuit.
1043 343 1098 377 Ad
1120 343 1261 389 pastoris
1285 343 1391 390 igitur
1415 356 1540 379 munus
1565 346 1693 380 obeun-

281 404 363 439 dum
391 405 427 439 in
459 404 596 439 ecclesia
625 404 870 451 Edinburgena
903 406 950 440 est
983 411 1132 446 vocatus,
1167 406 1383 452 ejusdemque
1418 407 1512 442 urbis
1544 407 1690 454 collegii,

280 480 390 514 nuper
422 468 607 503 admodum
641 468 758 508 erecti,
794 469 886 514 quod
918 481 1009 503 nunc
1043 469 1233 515 Collegium
1267 470 1373 516 Regis
1401 470 1524 506 Jacobi
1558 471 1692 511 dicitur,

281 532 396 566 rector
425 531 635 571 constitutus,
665 536 700 565 et
731 531 925 577 theologiae
951 531 1115 577 profefl'or
1145 532 1282 566 ibidem.
1338 533 1565 579 Evangelium
1595 535 1693 580 regni

282 593 347 628 Dei
376 594 510 628 fervore
543 605 612 628 non
640 593 774 628 modico
807 594 1036 640 praedicabat,
1068 595 1103 628 in
1135 595 1389 640 pontificiorum
1419 597 1602 637 erroribus,
1634 598 1693 632 ad-

282 658 349 691 huc
385 669 454 691 11011
488 657 642 691 funditus
675 669 694 692 e
727 669 834 703 regno
868 657 998 697 deletis,
1032 657 1230 698 refutandis,
1265 663 1299 692 et
1332 659 1475 693 audacia
1516 661 1694 706 praecipiti

281 721 545 766 comprimenda,
572 721 721 755 multum
746 720 903 756 adhibuit
928 721 1119 761 industriae,
1147 733 1290 767 magnos
1316 722 1460 767 pertulit
1486 723 1629 763 labores,
1658 729 1692 758 et

282 784 516 819 incredibilem
543 784 687 819 ostendit
717 784 837 819 zelum.
906 784 979 819 Hos
1008 784 1293 830 disputationibus
1320 785 1466 831 publicis
1497 786 1696 832 frequenter

283 848 501 894 oppugnavit,
530 848 598 883 imo
626 848 771 883 viriliter
799 849 1018 895 expugnauit,
1052 848 1088 882 in
1116 848 1337 884 concionibus
1373 849 1594 885 vehementer
1626 851 1696 897 agi-

282 912 378 952 tavit,
418 912 565 958 denique
606 912 701 946 libris
743 911 874 958 scriptis
914 912 1091 947 evidenter
1125 912 1323 947 confutavit.
1391 913 1432 947 In
1472 913 1573 948 sacris
1617 926 1696 948 con-

283 975 436 1009 cionibus
469 979 605 1009 tantum
639 974 832 1010 admirabili
865 974 1024 1009 facundia
1057 975 1173 1015 valuit,
1203 981 1243 1009 ut
1276 976 1443 1021 populum
1472 976 1696 1012 instamundis

284 1038 505 1084 religionibus
536 1038 700 1079 deditum,
729 1044 763 1073 et
792 1044 866 1073 tum
895 1050 984 1073 novo
1013 1044 1171 1084 receptae
1200 1039 1370 1074 libertatis
1397 1040 1523 1085 gaudio
1555 1040 1696 1086 gestien-

284 1107 364 1141 tem,
383 1113 451 1147 quo
473 1102 576 1136 vellet
601 1101 699 1136 facile
725 1102 927 1147 impelleret.
970 1102 1032 1136 Vir
1054 1102 1140 1147 pius,
1163 1102 1328 1142 literatus,
1352 1108 1386 1137 et
1408 1103 1541 1138 divinae
1567 1104 1696 1149 gloriae

285 1165 357 1199 zelo
382 1165 468 1199 mire
496 1165 640 1204 fervens,
671 1166 839 1199 bonarum
868 1164 1047 1199 literarum
1073 1164 1328 1205 amantiffimus‚
1361 1166 1471 1201 omnis
1499 1166 1637 1201 virtutis
1662 1173 1696 1201 et

284 1228 421 1274 pietatis
462 1228 615 1262 strenuus
659 1228 779 1268 cultor,
818 1228 853 1262 in
891 1227 1013 1262 divinis
1051 1227 1300 1269 eruditiffimus,
1342 1234 1377 1264 et
1416 1230 1451 1264 in
1490 1229 1697 1264 secularibus

285 1291 392 1325 literis
434 1291 569 1337 egregie
612 1292 742 1331 delitus,
785 1292 966 1338 theologus
1009 1292 1260 1333 celeberrimus,
1299 1293 1528 1339 philosophus,
1570 1299 1695 1333 orator,

286 1360 321 1389 et
347 1360 450 1400 poeta
477 1355 629 1389 omnium
660 1353 984 1400 praestantiffimus3
1017 1355 1078 1395 vir,
1114 1355 1263 1402 inquam,
1294 1357 1522 1403 undecunque
1551 1356 1697 1392 (1οὸὶίίῦ-

286 1429 370 1457 mus,
406 1417 542 1464 ingenio
576 1417 717 1457 subtilis,
754 1418 889 1464 eloquio
923 1417 1075 1459 disertus,
1111 1418 1264 1454 sermone
1299 1419 1520 1461 scholasticus
1558 1420 1628 1455 vita
1661 1425 1695 1455 et

286 1481 540 1515 conversatione
586 1481 737 1515 devotus.
814 1480 951 1526 Scripfit
995 1482 1090 1517 varia
1133 1483 1310 1528 praeclara
1358 1483 1526 1530 opuscula,
1572 1483 1695 1530 quibus

287 1556 410 1578 nomen
429 1544 525 1578 suum
543 1544 642 1590 longe
660 1544 796 1589 lateque
814 1544 1024 1590 dimlgavit3
1042 1558 1060 1579 e
1078 1546 1210 1591 quibus,

430 1608 482 1642 De
501 1607 687 1642 Vocatione
705 1607 852 1648 Efficaci,
870 1607 927 1642 lib.

430 1672 471 1705 In
488 1670 654 1716 Epistolas
670 1671 714 1705 ad
732 1671 914 1707 Romanos.

431 1735 487 1768 Ad
504 1733 679 1779 Ephesios.

432 1798 472 1831 In
489 1797 676 1832 Danielem.

431 1862 471 1895 In
488 1861 511 1895 J
513 1873 667 1895 oannem.

290 1926 333 1959 Et
359 1930 502 1965 caetera,
530 1937 616 1970 quae
642 1924 725 1959 alias
750 1937 770 1959 a
795 1924 892 1959 nobis
918 1930 1118 1960 enumerata
1142 1925 1228 1960 sunt.
1282 1926 1415 1961 Claruit
1440 1938 1529 1961 anno
1553 1927 1695 1973 virginei

287 1994 405 2034 partus
422 1990 527 2029 1590,
545 1988 627 2022 dum
645 1987 770 2022 Scotici
787 1988 883 2033 regni
902 1988 1035 2023 clavum
1053 1988 1216 2035 dirigeret
1232 1989 1255 2023 J
1257 1990 1383 2024 acobus
1399 1990 1534 2025 Sextus.
