<?xml version="1.0" encoding="UTF-8"?>
<!DOCTYPE html PUBLIC "-//W3C//DTD XHTML 1.0 Transitional//EN"
    "http://www.w3.org/TR/xhtml1/DTD/xhtml1-transitional.dtd">
<html xmlns="http://www.w3.org/1999/xhtml" xml:lang="en" lang="en">
 <head>
  <title>
</title>
<meta http-equiv="Content-Type" content="text/html;charset=utf-8" />
  <meta name='ocr-system' content='tesseract 3.04.00' />
  <meta name='ocr-capabilities' content='ocr_page ocr_carea ocr_par ocr_line ocrx_word'/>
</head>
<body>
  <div class='ocr_page' id='page_1' title='image "./davidisbuchanani00bann_0118.png"; bbox 0 0 1913 2692; ppageno 0'>
   <div class='ocr_carea' id='block_1_1' title="bbox 254 221 1266 257">
    <p class='ocr_par' dir='ltr' id='par_1_1' title="bbox 254 221 1266 257">
     <span class='ocr_line' id='line_1_1' title="bbox 254 221 1266 257; baseline -0.005 -1"><span class='ocrx_word' id='word_1_1' title='bbox 254 224 295 257; x_wconf 81' lang='lat'>96</span> <span class='ocrx_word' id='word_1_2' title='bbox 658 223 720 253; x_wconf 93' lang='lat' dir='ltr'>DE</span> <span class='ocrx_word' id='word_1_3' title='bbox 745 222 1078 253; x_wconf 83' lang='lat' dir='ltr'>SCRIPTORIBUS</span> <span class='ocrx_word' id='word_1_4' title='bbox 1103 221 1266 252; x_wconf 85' lang='lat' dir='ltr'>SCOTIS.</span> 
     </span>
    </p>
   </div>
   <div class='ocr_carea' id='block_1_2' title="bbox 255 311 1677 1380">
    <p class='ocr_par' dir='ltr' id='par_1_2' title="bbox 255 311 1677 1062">
     <span class='ocr_line' id='line_1_2' title="bbox 255 311 1671 360; baseline 0 -11"><span class='ocrx_word' id='word_1_5' title='bbox 255 313 504 349; x_wconf 86' lang='lat' dir='ltr'>Aberdonenfis</span> <span class='ocrx_word' id='word_1_6' title='bbox 532 313 695 360; x_wconf 78' lang='lat' dir='ltr'>gymnasii</span> <span class='ocrx_word' id='word_1_7' title='bbox 722 313 969 348; x_wconf 88' lang='lat' dir='ltr'>institutionem</span> <span class='ocrx_word' id='word_1_8' title='bbox 998 326 1060 359; x_wconf 89' lang='lat' dir='ltr'>per</span> <span class='ocrx_word' id='word_1_9' title='bbox 1090 313 1214 360; x_wconf 85' lang='lat' dir='ltr'>scripta</span> <span class='ocrx_word' id='word_1_10' title='bbox 1243 311 1399 358; x_wconf 76' lang='lat' dir='ltr'>rogasset.</span> <span class='ocrx_word' id='word_1_11' title='bbox 1464 313 1517 347; x_wconf 91' lang='lat' dir='ltr'>De</span> <span class='ocrx_word' id='word_1_12' title='bbox 1548 325 1588 348; x_wconf 91' lang='lat' dir='ltr'>eo</span> <span class='ocrx_word' id='word_1_13' title='bbox 1621 314 1671 349; x_wconf 83' lang='lat' dir='ltr'>ita</span> 
     </span>
     <span class='ocr_line' id='line_1_3' title="bbox 256 376 1671 424; baseline -0.001 -11"><span class='ocrx_word' id='word_1_14' title='bbox 256 378 371 413; x_wconf 83' lang='lat' dir='ltr'>scribit</span> <span class='ocrx_word' id='word_1_15' title='bbox 412 378 541 413; x_wconf 84' lang='lat' dir='ltr'>Paulus</span> <span class='ocrx_word' id='word_1_16' title='bbox 585 378 706 412; x_wconf 69' lang='lat' dir='ltr'>Jow&#39;us</span> <span class='ocrx_word' id='word_1_17' title='bbox 751 377 889 412; x_wconf 86' lang='lat' dir='ltr'>antistes</span> <span class='ocrx_word' id='word_1_18' title='bbox 938 377 1138 417; x_wconf 80' lang='lat' dir='ltr'>Nucerinus,</span> <span class='ocrx_word' id='word_1_19' title='bbox 1182 377 1274 422; x_wconf 91' lang='lat' dir='ltr'>quod</span> <span class='ocrx_word' id='word_1_20' title='bbox 1317 389 1338 411; x_wconf 89' lang='lat' dir='ltr'>a</span> <span class='ocrx_word' id='word_1_21' title='bbox 1382 376 1493 423; x_wconf 87' lang='lat' dir='ltr'>prima</span> <span class='ocrx_word' id='word_1_22' title='bbox 1540 377 1671 424; x_wconf 84' lang='lat' dir='ltr'>origine</span> 
     </span>
     <span class='ocr_line' id='line_1_4' title="bbox 257 439 1673 488; baseline -0.001 -10"><span class='ocrx_word' id='word_1_23' title='bbox 257 444 439 478; x_wconf 79' lang='lat' dir='ltr'>Scotorum</span> <span class='ocrx_word' id='word_1_24' title='bbox 481 454 602 488; x_wconf 86' lang='lat' dir='ltr'>regum</span> <span class='ocrx_word' id='word_1_25' title='bbox 644 441 817 475; x_wconf 88' lang='lat' dir='ltr'>historiam</span> <span class='ocrx_word' id='word_1_26' title='bbox 860 441 982 475; x_wconf 80' lang='lat' dir='ltr'>Latine</span> <span class='ocrx_word' id='word_1_27' title='bbox 1016 441 1200 487; x_wconf 82' lang='lat' dir='ltr'>diligenter</span> <span class='ocrx_word' id='word_1_28' title='bbox 1232 440 1430 487; x_wconf 79' lang='lat' dir='ltr'>perscripsit,</span> <span class='ocrx_word' id='word_1_29' title='bbox 1465 439 1582 487; x_wconf 85' lang='lat' dir='ltr'>paflim</span> <span class='ocrx_word' id='word_1_30' title='bbox 1618 453 1673 476; x_wconf 90' lang='lat' dir='ltr'>ve-</span> 
     </span>
     <span class='ocr_line' id='line_1_5' title="bbox 259 504 1671 552; baseline -0.001 -11"><span class='ocrx_word' id='word_1_31' title='bbox 259 507 341 542; x_wconf 90' lang='lat' dir='ltr'>teris</span> <span class='ocrx_word' id='word_1_32' title='bbox 374 505 644 552; x_wconf 83' lang='lat' dir='ltr'>chorographiae</span> <span class='ocrx_word' id='word_1_33' title='bbox 674 516 815 543; x_wconf 85' lang='lat' dir='ltr'>memor,</span> <span class='ocrx_word' id='word_1_34' title='bbox 843 509 878 538; x_wconf 87' lang='lat' dir='ltr'>et</span> <span class='ocrx_word' id='word_1_35' title='bbox 903 504 1100 539; x_wconf 79' lang='lat' dir='ltr'>moderatae</span> <span class='ocrx_word' id='word_1_36' title='bbox 1129 505 1299 539; x_wconf 84' lang='lat' dir='ltr'>libertatis</span> <span class='ocrx_word' id='word_1_37' title='bbox 1323 504 1489 551; x_wconf 86' lang='lat' dir='ltr'>nusquam</span> <span class='ocrx_word' id='word_1_38' title='bbox 1520 506 1671 540; x_wconf 85' lang='lat' dir='ltr'>oblitus:</span> 
     </span>
     <span class='ocr_line' id='line_1_6' title="bbox 258 568 1674 616; baseline -0.001 -11"><span class='ocrx_word' id='word_1_39' title='bbox 258 580 275 590; x_wconf 63' lang='lat'>⁵*</span> <span class='ocrx_word' id='word_1_40' title='bbox 294 572 343 605; x_wconf 84' lang='lat' dir='ltr'>ita</span> <span class='ocrx_word' id='word_1_41' title='bbox 372 576 410 604; x_wconf 88' lang='lat' dir='ltr'>ut</span> <span class='ocrx_word' id='word_1_42' title='bbox 438 581 645 616; x_wconf 86' lang='lat' dir='ltr'>magnopere</span> <span class='ocrx_word' id='word_1_43' title='bbox 676 569 869 608; x_wconf 87' lang='lat' dir='ltr'>miremur,”</span> <span class='ocrx_word' id='word_1_44' title='bbox 897 568 1009 614; x_wconf 88' lang='lat' dir='ltr'>inquit</span> <span class='ocrx_word' id='word_1_45' title='bbox 1035 568 1101 607; x_wconf 82' lang='lat' dir='ltr'>ille,</span> <span class='ocrx_word' id='word_1_46' title='bbox 1131 574 1279 603; x_wconf 81' lang='lat' dir='ltr'>“extare</span> <span class='ocrx_word' id='word_1_47' title='bbox 1309 569 1351 603; x_wconf 90' lang='lat' dir='ltr'>de</span> <span class='ocrx_word' id='word_1_48' title='bbox 1381 569 1521 604; x_wconf 90' lang='lat' dir='ltr'>remotis</span> <span class='ocrx_word' id='word_1_49' title='bbox 1547 571 1590 604; x_wconf 87' lang='lat' dir='ltr'>ab</span> <span class='ocrx_word' id='word_1_50' title='bbox 1621 582 1674 604; x_wconf 91' lang='lat' dir='ltr'>or-</span> 
     </span>
     <span class='ocr_line' id='line_1_7' title="bbox 258 631 1675 678; baseline -0.001 -9"><span class='ocrx_word' id='word_1_51' title='bbox 258 637 300 670; x_wconf 92' lang='lat' dir='ltr'>be</span> <span class='ocrx_word' id='word_1_52' title='bbox 330 634 442 669; x_wconf 89' lang='lat' dir='ltr'>nostro</span> <span class='ocrx_word' id='word_1_53' title='bbox 470 633 664 667; x_wconf 90' lang='lat' dir='ltr'>Hebridum</span> <span class='ocrx_word' id='word_1_54' title='bbox 696 637 730 666; x_wconf 90' lang='lat' dir='ltr'>et</span> <span class='ocrx_word' id='word_1_55' title='bbox 761 632 934 666; x_wconf 80' lang='lat' dir='ltr'>Oreadum</span> <span class='ocrx_word' id='word_1_56' title='bbox 964 631 1081 666; x_wconf 88' lang='lat' dir='ltr'>insulis</span> <span class='ocrx_word' id='word_1_57' title='bbox 1110 631 1203 666; x_wconf 88' lang='lat' dir='ltr'>mille</span> <span class='ocrx_word' id='word_1_58' title='bbox 1233 632 1379 678; x_wconf 87' lang='lat' dir='ltr'>amplius</span> <span class='ocrx_word' id='word_1_59' title='bbox 1406 645 1574 667; x_wconf 87' lang='lat' dir='ltr'>annorum</span> <span class='ocrx_word' id='word_1_60' title='bbox 1605 646 1675 667; x_wconf 87' lang='lat' dir='ltr'>me-</span> 
     </span>
     <span class='ocr_line' id='line_1_8' title="bbox 258 695 1676 744; baseline -0.001 -11"><span class='ocrx_word' id='word_1_61' title='bbox 258 699 412 737; x_wconf 82' lang='lat' dir='ltr'>moriam,</span> <span class='ocrx_word' id='word_1_62' title='bbox 440 710 546 744; x_wconf 91' lang='lat' dir='ltr'>quum</span> <span class='ocrx_word' id='word_1_63' title='bbox 573 697 608 731; x_wconf 89' lang='lat' dir='ltr'>in</span> <span class='ocrx_word' id='word_1_64' title='bbox 634 696 735 731; x_wconf 84' lang='lat' dir='ltr'>Italia</span> <span class='ocrx_word' id='word_1_65' title='bbox 761 696 881 730; x_wconf 87' lang='lat' dir='ltr'>altrice</span> <span class='ocrx_word' id='word_1_66' title='bbox 905 695 1149 741; x_wconf 56' lang='lat' dir='ltr'>ingeniorum?</span> <span class='ocrx_word' id='word_1_67' title='bbox 1171 700 1234 730; x_wconf 87' lang='lat' dir='ltr'>etc.</span> <span class='ocrx_word' id='word_1_68' title='bbox 1286 695 1449 730; x_wconf 90' lang='lat' dir='ltr'>Latomus</span> <span class='ocrx_word' id='word_1_69' title='bbox 1474 696 1588 737; x_wconf 86' lang='lat' dir='ltr'>etiam,</span> <span class='ocrx_word' id='word_1_70' title='bbox 1616 697 1676 731; x_wconf 88' lang='lat' dir='ltr'>As-</span> 
     </span>
     <span class='ocr_line' id='line_1_9' title="bbox 260 759 1676 806; baseline -0.001 -9"><span class='ocrx_word' id='word_1_71' title='bbox 260 762 397 801; x_wconf 88' lang='lat' dir='ltr'>cenfius‚</span> <span class='ocrx_word' id='word_1_72' title='bbox 429 762 565 801; x_wconf 88' lang='lat' dir='ltr'>Baleus,</span> <span class='ocrx_word' id='word_1_73' title='bbox 598 766 633 795; x_wconf 91' lang='lat' dir='ltr'>et</span> <span class='ocrx_word' id='word_1_74' title='bbox 666 761 723 795; x_wconf 86' lang='lat' dir='ltr'>alii</span> <span class='ocrx_word' id='word_1_75' title='bbox 758 760 822 794; x_wconf 84' lang='lat' dir='ltr'>viri</span> <span class='ocrx_word' id='word_1_76' title='bbox 856 759 991 799; x_wconf 81' lang='lat' dir='ltr'>eruditi,</span> <span class='ocrx_word' id='word_1_77' title='bbox 1022 760 1122 805; x_wconf 86' lang='lat' dir='ltr'>hujus</span> <span class='ocrx_word' id='word_1_78' title='bbox 1152 759 1290 793; x_wconf 87' lang='lat' dir='ltr'>Boethii</span> <span class='ocrx_word' id='word_1_79' title='bbox 1317 760 1500 806; x_wconf 83' lang='lat' dir='ltr'>praeconia</span> <span class='ocrx_word' id='word_1_80' title='bbox 1527 761 1676 795; x_wconf 86' lang='lat' dir='ltr'>multum</span> 
     </span>
     <span class='ocr_line' id='line_1_10' title="bbox 260 823 1676 870; baseline -0.002 -9"><span class='ocrx_word' id='word_1_81' title='bbox 260 827 459 865; x_wconf 87' lang='lat' dir='ltr'>celebrant;</span> <span class='ocrx_word' id='word_1_82' title='bbox 494 830 529 859; x_wconf 91' lang='lat' dir='ltr'>et</span> <span class='ocrx_word' id='word_1_83' title='bbox 559 824 714 859; x_wconf 85' lang='lat' dir='ltr'>Lessaeus</span> <span class='ocrx_word' id='word_1_84' title='bbox 744 824 834 858; x_wconf 88' lang='lat' dir='ltr'>inter</span> <span class='ocrx_word' id='word_1_85' title='bbox 863 823 931 858; x_wconf 82' lang='lat' dir='ltr'>alia</span> <span class='ocrx_word' id='word_1_86' title='bbox 959 824 1069 858; x_wconf 87' lang='lat' dir='ltr'>multa</span> <span class='ocrx_word' id='word_1_87' title='bbox 1094 823 1136 858; x_wconf 84' lang='lat' dir='ltr'>fic</span> <span class='ocrx_word' id='word_1_88' title='bbox 1165 823 1343 870; x_wconf 85' lang='lat' dir='ltr'>loquitur:</span> <span class='ocrx_word' id='word_1_89' title='bbox 1382 823 1465 870; x_wconf 88' lang='lat' dir='ltr'>Ejus</span> <span class='ocrx_word' id='word_1_90' title='bbox 1495 823 1596 864; x_wconf 85' lang='lat' dir='ltr'>stilus,</span> <span class='ocrx_word' id='word_1_91' title='bbox 1627 825 1676 858; x_wconf 91' lang='lat' dir='ltr'>in-</span> 
     </span>
     <span class='ocr_line' id='line_1_11' title="bbox 262 885 1676 936; baseline -0.003 -11"><span class='ocrx_word' id='word_1_92' title='bbox 262 891 345 936; x_wconf 85' lang='lat' dir='ltr'>quit,</span> <span class='ocrx_word' id='word_1_93' title='bbox 380 896 482 925; x_wconf 80' lang='lat' dir='ltr'>“tam</span> <span class='ocrx_word' id='word_1_94' title='bbox 515 890 561 924; x_wconf 90' lang='lat' dir='ltr'>est</span> <span class='ocrx_word' id='word_1_95' title='bbox 590 889 709 929; x_wconf 86' lang='lat' dir='ltr'>tersus,</span> <span class='ocrx_word' id='word_1_96' title='bbox 744 895 783 924; x_wconf 87' lang='lat' dir='ltr'>ut</span> <span class='ocrx_word' id='word_1_97' title='bbox 817 888 969 924; x_wconf 81' lang='lat' dir='ltr'>Caesaris</span> <span class='ocrx_word' id='word_1_98' title='bbox 1002 887 1190 934; x_wconf 83' lang='lat' dir='ltr'>puritatem</span> <span class='ocrx_word' id='word_1_99' title='bbox 1224 885 1401 926; x_wconf 68' lang='lat' dir='ltr'>decoxisse,</span> <span class='ocrx_word' id='word_1_100' title='bbox 1435 899 1475 921; x_wconf 84' lang='lat' dir='ltr'>ac</span> <span class='ocrx_word' id='word_1_101' title='bbox 1503 887 1676 922; x_wconf 86' lang='lat' dir='ltr'>rationum</span> 
     </span>
     <span class='ocr_line' id='line_1_12' title="bbox 262 950 1677 1000; baseline -0.001 -12"><span class='ocrx_word' id='word_1_102' title='bbox 262 956 515 1000; x_wconf 89' lang='lat' dir='ltr'>verborumque</span> <span class='ocrx_word' id='word_1_103' title='bbox 544 953 753 1000; x_wconf 83' lang='lat' dir='ltr'>ponderibus</span> <span class='ocrx_word' id='word_1_104' title='bbox 780 953 829 987; x_wconf 88' lang='lat' dir='ltr'>ita</span> <span class='ocrx_word' id='word_1_105' title='bbox 858 951 1028 991; x_wconf 87' lang='lat' dir='ltr'>nervosus,</span> <span class='ocrx_word' id='word_1_106' title='bbox 1060 956 1099 985; x_wconf 91' lang='lat' dir='ltr'>ut</span> <span class='ocrx_word' id='word_1_107' title='bbox 1124 950 1301 986; x_wconf 82' lang='lat' dir='ltr'>Livianam</span> <span class='ocrx_word' id='word_1_108' title='bbox 1326 951 1532 997; x_wconf 83' lang='lat' dir='ltr'>gravitatem</span> <span class='ocrx_word' id='word_1_109' title='bbox 1562 951 1597 985; x_wconf 88' lang='lat' dir='ltr'>in</span> <span class='ocrx_word' id='word_1_110' title='bbox 1627 951 1677 986; x_wconf 86' lang='lat' dir='ltr'>su-</span> 
     </span>
     <span class='ocr_line' id='line_1_13' title="bbox 263 1013 1391 1062; baseline -0.004 -9"><span class='ocrx_word' id='word_1_111' title='bbox 263 1030 319 1052; x_wconf 83' lang='lat' dir='ltr'>am</span> <span class='ocrx_word' id='word_1_112' title='bbox 336 1024 497 1053; x_wconf 85' lang='lat' dir='ltr'>naturam</span> <span class='ocrx_word' id='word_1_113' title='bbox 515 1016 715 1052; x_wconf 78' lang='lat' dir='ltr'>transtulisse</span> <span class='ocrx_word' id='word_1_114' title='bbox 732 1016 869 1062; x_wconf 85' lang='lat' dir='ltr'>penitus</span> <span class='ocrx_word' id='word_1_115' title='bbox 886 1015 1071 1049; x_wconf 85' lang='lat' dir='ltr'>videatur.”</span> <span class='ocrx_word' id='word_1_116' title='bbox 1122 1013 1260 1060; x_wconf 73' lang='lat' dir='ltr'>Scripsit</span> <span class='ocrx_word' id='word_1_117' title='bbox 1277 1014 1391 1054; x_wconf 90' lang='lat' dir='ltr'>etiam,</span> 
     </span>
    </p>

    <p class='ocr_par' dir='ltr' id='par_1_3' title="bbox 409 1079 1280 1126">
     <span class='ocr_line' id='line_1_14' title="bbox 409 1079 1280 1126; baseline -0.005 -10"><span class='ocrx_word' id='word_1_118' title='bbox 409 1082 464 1116; x_wconf 82' lang='lat' dir='ltr'>Ad</span> <span class='ocrx_word' id='word_1_119' title='bbox 482 1081 580 1116; x_wconf 90' lang='lat' dir='ltr'>suum</span> <span class='ocrx_word' id='word_1_120' title='bbox 598 1081 741 1126; x_wconf 78' lang='lat' dir='ltr'>Regem,</span> <span class='ocrx_word' id='word_1_121' title='bbox 760 1080 964 1125; x_wconf 79' lang='lat' dir='ltr'>Catalogum</span> <span class='ocrx_word' id='word_1_122' title='bbox 982 1079 1116 1114; x_wconf 85' lang='lat' dir='ltr'>Seotiae</span> <span class='ocrx_word' id='word_1_123' title='bbox 1135 1079 1280 1125; x_wconf 81' lang='lat' dir='ltr'>Regum.</span> 
     </span>
    </p>

    <p class='ocr_par' dir='ltr' id='par_1_4' title="bbox 409 1144 771 1191">
     <span class='ocr_line' id='line_1_15' title="bbox 409 1144 771 1191; baseline -0.006 -11"><span class='ocrx_word' id='word_1_124' title='bbox 409 1147 461 1180; x_wconf 91' lang='lat' dir='ltr'>De</span> <span class='ocrx_word' id='word_1_125' title='bbox 479 1144 771 1191; x_wconf 84' lang='lat' dir='ltr'>Navigationibus.</span> 
     </span>
    </p>

    <p class='ocr_par' dir='ltr' id='par_1_5' title="bbox 409 1206 1055 1243">
     <span class='ocr_line' id='line_1_16' title="bbox 409 1206 1055 1243; baseline -0.006 0"><span class='ocrx_word' id='word_1_126' title='bbox 409 1207 703 1243; x_wconf 86' lang='lat' dir='ltr'>Aberdonenfium</span> <span class='ocrx_word' id='word_1_127' title='bbox 722 1207 929 1241; x_wconf 88' lang='lat' dir='ltr'>Pontificum</span> <span class='ocrx_word' id='word_1_128' title='bbox 949 1206 1055 1241; x_wconf 87' lang='lat' dir='ltr'>Vitas.</span> 
     </span>
    </p>

    <p class='ocr_par' dir='ltr' id='par_1_6' title="bbox 409 1272 1264 1321">
     <span class='ocr_line' id='line_1_17' title="bbox 409 1272 1264 1321; baseline -0.004 -15"><span class='ocrx_word' id='word_1_129' title='bbox 409 1273 591 1306; x_wconf 87' lang='lat' dir='ltr'>Sermones</span> <span class='ocrx_word' id='word_1_130' title='bbox 608 1276 642 1306; x_wconf 88' lang='lat' dir='ltr'>et</span> <span class='ocrx_word' id='word_1_131' title='bbox 661 1272 836 1306; x_wconf 58' lang='lat' dir='ltr'>Lthuras.</span> <span class='ocrx_word' id='word_1_132' title='bbox 1252 1317 1264 1321; x_wconf 29' lang='grc' dir='ltr'>ρ</span> 
     </span>
    </p>

    <p class='ocr_par' dir='ltr' id='par_1_7' title="bbox 409 1332 1209 1380">
     <span class='ocr_line' id='line_1_18' title="bbox 409 1332 1209 1380; baseline -0.003 -10"><span class='ocrx_word' id='word_1_133' title='bbox 409 1335 590 1370; x_wconf 84' lang='lat' dir='ltr'>Orationes</span> <span class='ocrx_word' id='word_1_134' title='bbox 608 1339 712 1380; x_wconf 89' lang='lat' dir='ltr'>atque</span> <span class='ocrx_word' id='word_1_135' title='bbox 730 1333 896 1380; x_wconf 86' lang='lat' dir='ltr'>Epistolas</span> <span class='ocrx_word' id='word_1_136' title='bbox 913 1332 1209 1379; x_wconf 86' lang='lat' dir='ltr'>eloquentiflimas.</span> 
     </span>
    </p>
   </div>
   <div class='ocr_carea' id='block_1_3' title="bbox 265 1397 1678 1509">
    <p class='ocr_par' dir='ltr' id='par_1_8' title="bbox 265 1397 1678 1509">
     <span class='ocr_line' id='line_1_19' title="bbox 265 1397 1678 1438; baseline -0.001 -4"><span class='ocrx_word' id='word_1_137' title='bbox 265 1399 310 1434; x_wconf 92' lang='lat' dir='ltr'>Et</span> <span class='ocrx_word' id='word_1_138' title='bbox 341 1399 407 1434; x_wconf 90' lang='lat' dir='ltr'>alia</span> <span class='ocrx_word' id='word_1_139' title='bbox 434 1399 552 1434; x_wconf 87' lang='lat' dir='ltr'>multa.</span> <span class='ocrx_word' id='word_1_140' title='bbox 604 1398 738 1434; x_wconf 82' lang='lat' dir='ltr'>Claruit</span> <span class='ocrx_word' id='word_1_141' title='bbox 764 1410 854 1433; x_wconf 88' lang='lat' dir='ltr'>anno</span> <span class='ocrx_word' id='word_1_142' title='bbox 881 1398 1124 1433; x_wconf 85' lang='lat' dir='ltr'>incarnationis</span> <span class='ocrx_word' id='word_1_143' title='bbox 1151 1397 1296 1432; x_wconf 86' lang='lat' dir='ltr'>Messiae</span> <span class='ocrx_word' id='word_1_144' title='bbox 1324 1399 1427 1438; x_wconf 72' lang='lat'>1526,</span> <span class='ocrx_word' id='word_1_145' title='bbox 1454 1397 1514 1433; x_wconf 90' lang='lat' dir='ltr'>sub</span> <span class='ocrx_word' id='word_1_146' title='bbox 1547 1399 1678 1434; x_wconf 85' lang='lat' dir='ltr'>Jacobo</span> 
     </span>
     <span class='ocr_line' id='line_1_20' title="bbox 267 1463 507 1509; baseline -0.004 -12"><span class='ocrx_word' id='word_1_147' title='bbox 267 1463 396 1504; x_wconf 83' lang='lat' dir='ltr'>Quinto</span> <span class='ocrx_word' id='word_1_148' title='bbox 414 1475 507 1509; x_wconf 85' lang='lat' dir='ltr'>rege.</span> 
     </span>
    </p>
   </div>
   <div class='ocr_carea' id='block_1_4' title="bbox 665 1604 1293 1640">
    <p class='ocr_par' dir='ltr' id='par_1_9' title="bbox 665 1604 1293 1640">
     <span class='ocr_line' id='line_1_21' title="bbox 665 1604 1293 1640; baseline -0.003 0"><span class='ocrx_word' id='word_1_149' title='bbox 665 1605 728 1639; x_wconf 92' lang='lat' dir='ltr'>DE</span> <span class='ocrx_word' id='word_1_150' title='bbox 753 1604 1012 1640; x_wconf 89' lang='lat' dir='ltr'><strong>GUILIELMO</strong></span> <span class='ocrx_word' id='word_1_151' title='bbox 1037 1604 1293 1639; x_wconf 84' lang='lat' dir='ltr'>GREGORIO.</span> 
     </span>
    </p>
   </div>
   <div class='ocr_carea' id='block_1_5' title="bbox 269 1715 1685 2336">
    <p class='ocr_par' dir='ltr' id='par_1_10' title="bbox 269 1715 1685 2336">
     <span class='ocr_line' id='line_1_22' title="bbox 269 1715 1680 1757; baseline -0.001 -5"><span class='ocrx_word' id='word_1_152' title='bbox 269 1719 502 1753; x_wconf 77' lang='lat' dir='ltr'>GUILOELMUS</span> <span class='ocrx_word' id='word_1_153' title='bbox 536 1718 762 1757; x_wconf 78' lang='lat' dir='ltr'>GREGORIUS‚</span> <span class='ocrx_word' id='word_1_154' title='bbox 794 1716 961 1751; x_wconf 88' lang='lat' dir='ltr'>Albienfis</span> <span class='ocrx_word' id='word_1_155' title='bbox 995 1715 1154 1750; x_wconf 87' lang='lat' dir='ltr'>ecclefiae</span> <span class='ocrx_word' id='word_1_156' title='bbox 1191 1716 1448 1756; x_wconf 83' lang='lat' dir='ltr'>coenobiarcha,</span> <span class='ocrx_word' id='word_1_157' title='bbox 1481 1722 1515 1750; x_wconf 85' lang='lat' dir='ltr'>et</span> <span class='ocrx_word' id='word_1_158' title='bbox 1549 1716 1680 1751; x_wconf 89' lang='lat' dir='ltr'>theolo—</span> 
     </span>
     <span class='ocr_line' id='line_1_23' title="bbox 269 1779 1681 1828; baseline -0.001 -12"><span class='ocrx_word' id='word_1_159' title='bbox 269 1793 332 1828; x_wconf 85' lang='lat' dir='ltr'>gus</span> <span class='ocrx_word' id='word_1_160' title='bbox 360 1780 560 1820; x_wconf 84' lang='lat' dir='ltr'>Parifienfis,</span> <span class='ocrx_word' id='word_1_161' title='bbox 585 1792 711 1827; x_wconf 84' lang='lat' dir='ltr'>genere</span> <span class='ocrx_word' id='word_1_162' title='bbox 737 1785 773 1815; x_wconf 91' lang='lat' dir='ltr'>et</span> <span class='ocrx_word' id='word_1_163' title='bbox 794 1779 932 1814; x_wconf 87' lang='lat' dir='ltr'>natione</span> <span class='ocrx_word' id='word_1_164' title='bbox 959 1779 1091 1814; x_wconf 81' lang='lat' dir='ltr'>scotus.</span> <span class='ocrx_word' id='word_1_165' title='bbox 1142 1779 1217 1820; x_wconf 86' lang='lat' dir='ltr'>Hic,</span> <span class='ocrx_word' id='word_1_166' title='bbox 1244 1779 1366 1815; x_wconf 60' lang='lat' dir='ltr'>relieta</span> <span class='ocrx_word' id='word_1_167' title='bbox 1392 1779 1450 1814; x_wconf 88' lang='lat' dir='ltr'>sua</span> <span class='ocrx_word' id='word_1_168' title='bbox 1474 1780 1595 1826; x_wconf 82' lang='lat' dir='ltr'>patria,</span> <span class='ocrx_word' id='word_1_169' title='bbox 1615 1781 1681 1815; x_wconf 88' lang='lat' dir='ltr'>Ga-</span> 
     </span>
     <span class='ocr_line' id='line_1_24' title="bbox 270 1843 1682 1890; baseline 0 -11"><span class='ocrx_word' id='word_1_170' title='bbox 270 1846 352 1880; x_wconf 86' lang='lat' dir='ltr'>liam</span> <span class='ocrx_word' id='word_1_171' title='bbox 381 1845 450 1880; x_wconf 90' lang='lat' dir='ltr'>sola</span> <span class='ocrx_word' id='word_1_172' title='bbox 478 1845 632 1879; x_wconf 81' lang='lat' dir='ltr'>studendi</span> <span class='ocrx_word' id='word_1_173' title='bbox 661 1844 773 1890; x_wconf 85' lang='lat' dir='ltr'>gratia</span> <span class='ocrx_word' id='word_1_174' title='bbox 802 1843 928 1890; x_wconf 79' lang='lat' dir='ltr'>petiit3</span> <span class='ocrx_word' id='word_1_175' title='bbox 966 1843 1082 1889; x_wconf 85' lang='lat' dir='ltr'>ibique</span> <span class='ocrx_word' id='word_1_176' title='bbox 1113 1844 1269 1878; x_wconf 83' lang='lat' dir='ltr'>Lutetiae</span> <span class='ocrx_word' id='word_1_177' title='bbox 1300 1843 1507 1878; x_wconf 78' lang='lat' dir='ltr'>Parisiorum</span> <span class='ocrx_word' id='word_1_178' title='bbox 1539 1844 1575 1878; x_wconf 90' lang='lat' dir='ltr'>in</span> <span class='ocrx_word' id='word_1_179' title='bbox 1606 1844 1682 1879; x_wconf 90' lang='lat' dir='ltr'>Col-</span> 
     </span>
     <span class='ocr_line' id='line_1_25' title="bbox 271 1908 1682 1956; baseline -0.001 -12"><span class='ocrx_word' id='word_1_180' title='bbox 271 1909 360 1956; x_wconf 86' lang='lat' dir='ltr'>legio</span> <span class='ocrx_word' id='word_1_181' title='bbox 390 1909 519 1943; x_wconf 89' lang='lat' dir='ltr'>Montis</span> <span class='ocrx_word' id='word_1_182' title='bbox 549 1909 653 1943; x_wconf 85' lang='lat' dir='ltr'>Acuti</span> <span class='ocrx_word' id='word_1_183' title='bbox 680 1908 880 1942; x_wconf 78' lang='lat' dir='ltr'>inferiorum</span> <span class='ocrx_word' id='word_1_184' title='bbox 910 1908 1036 1942; x_wconf 87' lang='lat' dir='ltr'>artium</span> <span class='ocrx_word' id='word_1_185' title='bbox 1070 1908 1265 1942; x_wconf 84' lang='lat' dir='ltr'>rudimenta</span> <span class='ocrx_word' id='word_1_186' title='bbox 1297 1908 1503 1954; x_wconf 89' lang='lat' dir='ltr'>perdidicit;</span> <span class='ocrx_word' id='word_1_187' title='bbox 1546 1920 1613 1954; x_wconf 90' lang='lat' dir='ltr'>quo</span> <span class='ocrx_word' id='word_1_188' title='bbox 1647 1908 1682 1942; x_wconf 88' lang='lat' dir='ltr'>in</span> 
     </span>
     <span class='ocr_line' id='line_1_26' title="bbox 272 1972 1682 2019; baseline -0.002 -10"><span class='ocrx_word' id='word_1_189' title='bbox 272 1974 347 2009; x_wconf 86' lang='lat' dir='ltr'>loco</span> <span class='ocrx_word' id='word_1_190' title='bbox 382 1973 509 2009; x_wconf 83' lang='lat' dir='ltr'>Joanni</span> <span class='ocrx_word' id='word_1_191' title='bbox 540 1973 663 2019; x_wconf 90' lang='lat' dir='ltr'>Majori</span> <span class='ocrx_word' id='word_1_192' title='bbox 697 1977 922 2007; x_wconf 87' lang='lat' dir='ltr'>conterraneo</span> <span class='ocrx_word' id='word_1_193' title='bbox 950 1972 1010 2006; x_wconf 87' lang='lat' dir='ltr'>suo</span> <span class='ocrx_word' id='word_1_194' title='bbox 1043 1972 1193 2018; x_wconf 89' lang='lat' dir='ltr'>primum</span> <span class='ocrx_word' id='word_1_195' title='bbox 1222 1972 1381 2012; x_wconf 86' lang='lat' dir='ltr'>innotuit,</span> <span class='ocrx_word' id='word_1_196' title='bbox 1409 1978 1444 2007; x_wconf 91' lang='lat' dir='ltr'>et</span> <span class='ocrx_word' id='word_1_197' title='bbox 1477 1984 1545 2019; x_wconf 92' lang='lat' dir='ltr'>quo</span> <span class='ocrx_word' id='word_1_198' title='bbox 1579 1972 1682 2006; x_wconf 86' lang='lat' dir='ltr'>etiam</span> 
     </span>
     <span class='ocr_line' id='line_1_27' title="bbox 273 2035 1683 2083; baseline -0.002 -11"><span class='ocrx_word' id='word_1_199' title='bbox 273 2037 386 2083; x_wconf 86' lang='lat' dir='ltr'>postea</span> <span class='ocrx_word' id='word_1_200' title='bbox 418 2037 635 2072; x_wconf 85' lang='lat' dir='ltr'>familiariter</span> <span class='ocrx_word' id='word_1_201' title='bbox 668 2036 853 2070; x_wconf 89' lang='lat' dir='ltr'>admodum</span> <span class='ocrx_word' id='word_1_202' title='bbox 883 2035 961 2070; x_wconf 87' lang='lat' dir='ltr'>usus</span> <span class='ocrx_word' id='word_1_203' title='bbox 994 2035 1040 2069; x_wconf 87' lang='lat' dir='ltr'>est</span> <span class='ocrx_word' id='word_1_204' title='bbox 1070 2040 1104 2069; x_wconf 90' lang='lat' dir='ltr'>et</span> <span class='ocrx_word' id='word_1_205' title='bbox 1133 2035 1251 2070; x_wconf 85' lang='lat' dir='ltr'>amice.</span> <span class='ocrx_word' id='word_1_206' title='bbox 1303 2036 1391 2070; x_wconf 90' lang='lat' dir='ltr'>Cum</span> <span class='ocrx_word' id='word_1_207' title='bbox 1423 2040 1540 2070; x_wconf 88' lang='lat' dir='ltr'>autem</span> <span class='ocrx_word' id='word_1_208' title='bbox 1574 2035 1683 2069; x_wconf 91' lang='lat' dir='ltr'>Ludo—</span> 
     </span>
     <span class='ocr_line' id='line_1_28' title="bbox 274 2098 1683 2144; baseline -0.001 -10"><span class='ocrx_word' id='word_1_209' title='bbox 274 2100 368 2134; x_wconf 87' lang='lat' dir='ltr'>vicus</span> <span class='ocrx_word' id='word_1_210' title='bbox 400 2100 443 2135; x_wconf 89' lang='lat' dir='ltr'>de</span> <span class='ocrx_word' id='word_1_211' title='bbox 477 2100 644 2140; x_wconf 82' lang='lat' dir='ltr'>Ambafia,</span> <span class='ocrx_word' id='word_1_212' title='bbox 678 2099 731 2133; x_wconf 91' lang='lat' dir='ltr'>vir</span> <span class='ocrx_word' id='word_1_213' title='bbox 763 2099 930 2133; x_wconf 87' lang='lat' dir='ltr'>natalium</span> <span class='ocrx_word' id='word_1_214' title='bbox 963 2098 1140 2144; x_wconf 87' lang='lat' dir='ltr'>splendore</span> <span class='ocrx_word' id='word_1_215' title='bbox 1172 2098 1293 2138; x_wconf 87' lang='lat' dir='ltr'>clarus,</span> <span class='ocrx_word' id='word_1_216' title='bbox 1336 2104 1370 2133; x_wconf 93' lang='lat' dir='ltr'>et</span> <span class='ocrx_word' id='word_1_217' title='bbox 1411 2098 1612 2133; x_wconf 89' lang='lat' dir='ltr'>eruditionis</span> <span class='ocrx_word' id='word_1_218' title='bbox 1645 2110 1683 2133; x_wconf 89' lang='lat' dir='ltr'>ac</span> 
     </span>
     <span class='ocr_line' id='line_1_29' title="bbox 276 2161 1684 2208; baseline -0.001 -10"><span class='ocrx_word' id='word_1_219' title='bbox 276 2163 454 2198; x_wconf 65' lang='lat' dir='ltr'>doctrinae</span> <span class='ocrx_word' id='word_1_220' title='bbox 478 2163 617 2199; x_wconf 88' lang='lat' dir='ltr'>nomine</span> <span class='ocrx_word' id='word_1_221' title='bbox 644 2163 797 2203; x_wconf 85' lang='lat' dir='ltr'>celebris,</span> <span class='ocrx_word' id='word_1_222' title='bbox 829 2161 995 2197; x_wconf 88' lang='lat' dir='ltr'>Albienfis</span> <span class='ocrx_word' id='word_1_223' title='bbox 1019 2162 1124 2197; x_wconf 87' lang='lat' dir='ltr'>etiam</span> <span class='ocrx_word' id='word_1_224' title='bbox 1150 2162 1307 2197; x_wconf 84' lang='lat' dir='ltr'>ecclefiae</span> <span class='ocrx_word' id='word_1_225' title='bbox 1331 2161 1474 2208; x_wconf 88' lang='lat' dir='ltr'>praesul,</span> <span class='ocrx_word' id='word_1_226' title='bbox 1501 2162 1579 2196; x_wconf 82' lang='lat' dir='ltr'>suae</span> <span class='ocrx_word' id='word_1_227' title='bbox 1605 2162 1684 2196; x_wconf 89' lang='lat' dir='ltr'>civi-</span> 
     </span>
     <span class='ocr_line' id='line_1_30' title="bbox 276 2225 1685 2273; baseline 0 -12"><span class='ocrx_word' id='word_1_228' title='bbox 276 2227 357 2262; x_wconf 85' lang='lat' dir='ltr'>tatis</span> <span class='ocrx_word' id='word_1_229' title='bbox 391 2233 494 2273; x_wconf 85' lang='lat' dir='ltr'>atque</span> <span class='ocrx_word' id='word_1_230' title='bbox 528 2227 685 2263; x_wconf 81' lang='lat' dir='ltr'>dioecefis</span> <span class='ocrx_word' id='word_1_231' title='bbox 715 2227 928 2267; x_wconf 66' lang='lat' dir='ltr'>Cal-melitus,</span> <span class='ocrx_word' id='word_1_232' title='bbox 959 2239 1044 2272; x_wconf 91' lang='lat' dir='ltr'>quos</span> <span class='ocrx_word' id='word_1_233' title='bbox 1073 2226 1172 2261; x_wconf 82' lang='lat' dir='ltr'>valde</span> <span class='ocrx_word' id='word_1_234' title='bbox 1199 2225 1372 2260; x_wconf 86' lang='lat' dir='ltr'>diffolutos</span> <span class='ocrx_word' id='word_1_235' title='bbox 1405 2231 1557 2266; x_wconf 86' lang='lat' dir='ltr'>noverat,</span> <span class='ocrx_word' id='word_1_236' title='bbox 1592 2238 1685 2272; x_wconf 88' lang='lat' dir='ltr'>mag-</span> 
     </span>
     <span class='ocr_line' id='line_1_31' title="bbox 277 2289 1684 2336; baseline -0.001 -12"><span class='ocrx_word' id='word_1_237' title='bbox 277 2290 330 2324; x_wconf 90' lang='lat' dir='ltr'>nis</span> <span class='ocrx_word' id='word_1_238' title='bbox 359 2289 496 2335; x_wconf 88' lang='lat' dir='ltr'>quidem</span> <span class='ocrx_word' id='word_1_239' title='bbox 527 2290 724 2336; x_wconf 84' lang='lat' dir='ltr'>sumptibus,</span> <span class='ocrx_word' id='word_1_240' title='bbox 753 2301 945 2336; x_wconf 83' lang='lat' dir='ltr'>magnaque</span> <span class='ocrx_word' id='word_1_241' title='bbox 972 2289 1144 2329; x_wconf 85' lang='lat' dir='ltr'>industria,</span> <span class='ocrx_word' id='word_1_242' title='bbox 1177 2289 1313 2324; x_wconf 87' lang='lat' dir='ltr'>circiter</span> <span class='ocrx_word' id='word_1_243' title='bbox 1345 2301 1472 2324; x_wconf 86' lang='lat' dir='ltr'>annum</span> <span class='ocrx_word' id='word_1_244' title='bbox 1507 2294 1684 2336; x_wconf 88' lang='lat' dir='ltr'>reparatae</span> 
     </span>
    </p>
   </div>
  </div>
 </body>
</html>
