1913 2692
255 245 294 274 18
634 242 695 272 DE
734 239 1067 273 SCRIPTORIBUS
1106 239 1272 269 SCOTIS.

398 333 667 380 Descriptionem
686 332 829 373 Scotiae,
847 344 915 366 una
931 343 1010 365 cum
1027 330 1166 365 Tabella
1183 330 1436 376 topographica,

255 403 289 432 et
316 398 391 438 alia,
422 399 552 432 Romae
578 395 743 443 impreffa.
795 395 889 431 Obiit
913 407 1002 429 anno
1034 396 1136 433 1596,
1165 394 1247 427 dum
1275 393 1425 429 Jacobus
1459 394 1584 428 Sextus
1609 405 1662 427 re-

253 462 368 508 gimen
386 462 520 496 Scotiae
538 461 726 495 inchoaret.

618 602 682 635 DE
707 601 927 635 ROBERTO
953 600 1285 635 CONSTANTINO.

241 716 453 762 ,Romans
483 715 774 751 ΟΟΝΞΤΑΝΤΙΝΕΞ,
805 711 888 746 alias
918 712 1088 750 Constant,
1123 724 1165 745 ex
1195 711 1317 746 Fifana
1346 712 1521 757 provincia
1550 712 1664 746 oriun-

256 780 327 819 dus,
375 791 452 813 cum
494 778 698 812 maturiores
733 776 813 811 anni
853 781 1091 822 praeceptores
1130 775 1316 822 poscerent,
1359 776 1402 810 ad
1445 775 1663 810 Andreanam

257 843 477 878 Academiam
507 842 553 876 est
578 840 701 880 miffus,
730 841 788 875 ubi
815 839 1076 886 quadriennium
1106 838 1337 885 philosophiae
1363 839 1512 877 studuit;
1543 839 1664 873 deinde

257 908 358 942 titulo
387 906 568 952 magisterii
597 904 775 951 infignitus
804 904 839 938 in
869 904 1016 939 Galliam
1046 904 1092 938 est
1121 903 1305 950 profectu&
1336 904 1380 938 ad
1405 904 1528 938 altiora
1557 904 1664 938 studia

258 970 498 1016 prosequenda.
547 969 609 1002 Vir
634 968 810 1014 singularis
836 967 1037 1002 eruditionis
1061 973 1095 1002 et
1117 967 1323 1013 diligentiae,
1348 967 1602 1002 Dietionarium
1624 981 1666 1003 ex

259 1035 410 1069 Homero
439 1033 585 1079 collegit,
616 1031 755 1077 aliisque
793 1031 932 1066 Graecis
965 1032 1083 1077 poetis,
1118 1032 1270 1066 nondum
1304 1032 1473 1071 excusum,
1515 1032 1667 1067 Graecae

258 1099 409 1144 Linguae
435 1097 643 1131 Thesaurum
669 1096 876 1142 recognovit,
900 1101 935 1129 et
961 1095 995 1129 in
1020 1095 1137 1130 multis
1161 1095 1243 1130 locis
1268 1095 1374 1153 auxit,
1403 1096 1451 1130 ita
1476 1101 1515 1130 ut
1541 1108 1667 1130 novum

259 1175 343 1208 opus
360 1162 611 1208 quodammodo
628 1162 811 1196 videretur.
863 1158 1003 1205 Scripsit

403 1226 701 1261 Nomenclatorem
718 1224 898 1259 illustrium
915 1223 1138 1268 Scriptorum.

404 1290 640 1324 Correctiones
670 1289 895 1328 Lemmatum,
923 1293 957 1322 et
991 1286 1242 1321 Annotationes
1275 1287 1310 1320 in
1344 1287 1469 1321 librum
1501 1286 1667 1322 Dioscori-

453 1353 504 1387 dis
520 1366 526 1386 :
546 1365 623 1387 cum
641 1352 759 1387 Amati
776 1351 1028 1386 annotamentis
1045 1350 1080 1384 in
1098 1351 1254 1385 eundem.

403 1416 688 1461 Supplementum
718 1415 870 1461 Linguae
897 1414 1048 1455 Latinae,
1072 1414 1129 1449 seu
1156 1414 1410 1450 Dietionarium
1440 1415 1667 1450 abstrusorum

454 1479 716 1514 Vocabulorum.

262 1542 393 1576 Claruit
441 1555 530 1577 anno
569 1543 746 1577 intimatae
788 1542 880 1588 pacis
926 1542 1142 1587 evangelicae
1190 1544 1292 1581 1558,
1339 1548 1505 1588 regnante
1560 1544 1670 1578 Maria

263 1606 404 1651 Regina.

668 1748 731 1782 DE
758 1748 1009 1783 HADRIANO
1035 1749 1266 1785 TURNEBO.

264 1858 488 1893 HADRIANUS
517 1859 723 1899 TURNssBUS,
754 1860 837 1894 alias
866 1860 1062 1901 Turnebull,
1093 1873 1136 1895 ex
1165 1861 1294 1896 familia
1320 1862 1607 1897 Turnebullorum
1637 1863 1672 1896 in

263 1922 466 1957 Liddisdalia
490 1922 623 1957 scotiae
649 1923 825 1969 provincia
850 1923 1023 1966 oriundus,
1050 1925 1146 1971 cujus
1171 1924 1399 1969 antecessores
1419 1927 1462 1961 ab
1487 1927 1673 1961 evertendo

263 1992 363 2021 tauro
393 1987 428 2021 in
462 1987 648 2022 certamine
681 1988 745 2022 hoc
778 2000 903 2023 nomen
946 1989 1116 2024 consecuti
1149 1988 1235 2029 sunt,
1278 1989 1454 2036 postquam
1488 1989 1523 2024 in
1551 1990 1673 2036 juven-

263 2056 346 2090 tute,
377 2062 446 2085 non
475 2050 542 2085 fine
571 2051 661 2085 bono
690 2051 816 2092 fructu,
845 2064 984 2099 operam
1014 2053 1122 2088 literis
1151 2052 1301 2093 dediffet,
1336 2053 1371 2088 in
1405 2053 1533 2088 Gallias
1566 2054 1673 2088 trans-

261 2114 408 2154 fretavit,
427 2114 486 2149 ubi
504 2120 538 2149 et
556 2115 691 2155 studuit,
711 2121 745 2150 et
762 2115 893 2162 scripsit

409 2177 691 2213 Adversariorum
707 2184 820 2214 tomos
837 2180 931 2214 duos.

266 2240 397 2275 Claruit
414 2253 504 2276 anno
522 2243 766 2289 redemptionis
784 2244 954 2280 humanae
974 2246 1076 2283 1564,
1093 2249 1260 2290 regnante
1278 2244 1396 2278 Maria.
