1913 2692
599 215 660 245 DE
699 215 1032 245 SCRIPTORIBUS
1067 215 1230 246 SCOTIS.
1589 221 1629 249 43

210 306 365 340 fortunas
391 305 511 345 varias,
537 305 782 355 Vol-tigernum
812 305 968 345 flammis,
995 306 1176 340 Aurelium
1206 312 1240 340 et
1268 306 1451 342 Utheriuni
1485 320 1626 347 veneno,

212 369 404 404 Arthurum
437 369 587 407 vulnere,
622 355 803 414 perituros.
854 368 922 403 Sed
952 369 994 403 de
1028 370 1081 403 his
1113 370 1300 416 prudentes
1327 371 1509 416 judicent:
1543 373 1626 407 haec

211 433 302 467 enim
332 432 446 467 onmia
476 432 543 467 suis
572 444 718 467 evenere
747 433 968 478 temporibus.
1029 433 1135 467 Vates
1169 439 1242 468 erat
1272 435 1438 469 allrorum
1467 435 1623 482 peritifli-

210 509 295 536 mus,
326 496 385 542 qui
415 508 575 541 magnam
604 497 696 543 apud
725 496 873 542 posteros
907 498 950 531 ob
985 496 1159 531 divinandi
1190 498 1387 543 opinionem
1417 499 1626 535 consecutus.

212 560 273 595 Vir
307 560 398 596 acuti
427 561 554 605 ingenii
586 566 620 595 et
649 562 817 595 bonarum
847 561 1025 596 literarum
1054 561 1145 596 avidi
1176 562 1373 608 plurimum,
1412 563 1629 599 Britanniam

209 629 330 664 totam,
359 624 481 659 deindo
509 625 667 665 Galliam,
692 625 840 659 discendi
868 624 967 659 causa
993 625 1197 671 peragravit.
1251 626 1405 661 Arthuro
1429 627 1502 673 regi
1530 628 1628 662 valde

210 700 309 723 carus
342 688 467 723 extitit.
526 689 604 723 Fuit
634 689 739 724 etiam
773 689 1004 735 philosophiae
1038 701 1100 735 per
1132 689 1226 724 suam
1260 695 1410 725 aetatem
1445 691 1629 726 studiofiffi-

210 765 295 791 mus,
324 765 393 799 quo
423 753 561 788 nomine
591 758 626 788 et
653 753 786 799 magiae
813 753 1001 799 praenituit
1031 753 1142 788 titulo.
1196 753 1367 789 Vaticinia
1391 755 1463 802 ejus
1485 756 1629 791 eircum—

211 817 377 855 feruntur‚
415 816 556 851 obscura
597 817 735 862 quidem
776 817 835 851 illa
873 821 908 851 et
946 816 1032 850 nihil
1070 817 1155 851 certi
1188 818 1409 858 continentia,
1450 832 1539 865 quae
1575 821 1628 855 vel

210 886 395 926 antequam
423 880 591 921 eveniant,
622 880 766 926 sperare,
794 880 849 915 vel
878 892 957 915 eum
985 881 1171 921 evenerint,
1200 880 1359 927 promiffa
1389 895 1471 918 vera
1503 885 1629 920 audeas

211 944 408 979 affirmare:
443 949 622 990 praeterea
655 944 704 978 ita
737 943 920 990 compotita
953 944 1039 984 sunt,
1073 950 1112 979 ut
1146 944 1266 979 eadem
1299 945 1343 979 ad
1376 946 1487 982 multa
1519 947 1629 983 diver-

211 1009 322 1043 sarum
361 1020 477 1042 rerum
514 1013 637 1042 eventa
674 1008 945 1043 circumflectere
978 1014 1014 1043 et
1047 1008 1306 1044 accommodare
1339 1008 1448 1056 poffis.
1516 1011 1628 1046 Multa

211 1077 327 1107 autem
344 1071 476 1117 scriptis
493 1071 669 1106 mandavit
683 1084 691 1112 ;
709 1071 881 1111 nimirum,

355 1135 503 1170 Suarum
522 1135 781 1169 Divinationum
799 1135 856 1170 lib.
875 1146 898 1170 1.

356 1199 408 1233 De
427 1199 654 1233 Albaniorum
672 1199 844 1239 Fortunis,
862 1199 920 1235 lib.
938 1210 961 1234 1.

356 1262 579 1308 Prophetiam
596 1262 795 1308 prosaicam,
815 1263 872 1298 h'b.
891 1274 915 1298 Ι.

356 1325 467 1371 Super
485 1326 686 1371 quibusdam
705 1326 911 1367 Honoribus,
929 1327 987 1362 lib.
1006 1337 1029 1362 1.

358 1389 410 1424 De
428 1390 577 1435 quodam
595 1390 711 1429 Sexto,
729 1390 787 1424 lib.
806 1402 828 1424 I.

358 1453 462 1488 Dieta
481 1453 522 1488 de
541 1453 704 1499 Septimo,
724 1454 781 1488 lib.
799 1465 823 1488 Ι.

355 1517 423 1552 Pro
441 1517 608 1563 Tempore
627 1517 733 1563 Regis
750 1518 905 1557 Arthuri,
924 1517 981 1552 lib.
1000 1527 1024 1552 1.

354 1581 485 1616 Contra
502 1581 690 1627 Vortigerii
706 1582 835 1628 Magos,
854 1582 911 1617 lib.
930 1591 953 1617 1.

353 1644 465 1690 Super
482 1646 572 1679 Arce
591 1644 788 1691 Vortigerii‚
807 1644 865 1680 lib.
884 1655 907 1680 Ι.

355 1707 466 1753 Super
483 1707 633 1754 quodam
650 1708 803 1743 Cometa.

212 1770 338 1805 Utrum
373 1776 489 1806 autem
523 1771 629 1817 aliqui
662 1784 706 1806 ex
733 1771 807 1818 jam
841 1771 943 1808 dietis
976 1774 1072 1810 libris
1104 1775 1168 1811 fint
1201 1776 1305 1812 iidem
1339 1788 1418 1813 cum
1455 1778 1521 1813 illis
1555 1780 1627 1825 ejus

211 1835 406 1881 Prophetiis
431 1840 465 1870 et
489 1835 601 1870 tribus
626 1835 722 1870 fibris
749 1835 940 1871 vaticinalis
965 1837 1143 1881 Historiae,
1167 1841 1226 1887 qui
1253 1841 1375 1876 Latine
1402 1843 1624 1889 manuscripti

210 1899 432 1933 inveniuntur
457 1899 611 1934 Oxoniae
632 1899 668 1934 in
694 1899 903 1935 bibliotheca
924 1900 1141 1945 Mertonenfi,
1165 1909 1201 1940 et
1224 1905 1466 1952 Cantabrigiae
1492 1906 1528 1941 in
1554 1907 1627 1941 bib-

209 1963 357 1998 liotheca
378 1963 523 2009 publiea,
551 1975 683 1998 necnon
709 1963 840 1999 Gallice
865 1963 900 1998 in
927 1965 1088 2013 Collegiis
1114 1967 1148 2002 S.
1174 1968 1271 2003 Petri
1296 1974 1332 2004 et
1354 1969 1388 2004 S.
1420 1969 1624 2010 Benedieth

209 2032 389 2072 praeterea
414 2027 542 2062 aliusne
567 2027 671 2062 fuerit·
697 2028 740 2062 ab
770 2039 811 2062 eo
838 2028 897 2074 qui
922 2029 1044 2075 Anglis
1071 2031 1268 2067 Ambrofius
1297 2032 1465 2068 Merlinus
1490 2033 1624 2073 dieitur,

209 2090 359 2136 primum
386 2091 479 2125 haud
508 2090 606 2125 facile
634 2090 789 2131 dixerim,
820 2091 993 2137 posterius,
1022 2105 1090 2128 uon
1120 2094 1266 2136 differre,
1292 2095 1350 2131 sed
1376 2096 1525 2131 eundem
1549 2096 1624 2133 effa

210 2154 308 2189 facile
331 2154 482 2189 definire.
533 2154 666 2189 Claruit
692 2154 859 2190 Merlinus
884 2166 974 2191 anno
999 2155 1116 2192 salutis
1141 2156 1313 2194 humanae
1347 2160 1428 2199 480,
1459 2166 1624 2206 regnante

211 2219 246 2253 in
263 2218 377 2254 Scotia
396 2218 616 2254 Constantino
634 2218 761 2254 Primo.
