1913 2692
629 201 690 230 DE
732 201 1066 233 SCRIPTORIBUS
1104 202 1265 234 SCoTls.
1611 209 1652 241 69

394 295 444 328 De
463 293 695 328 Innnaculatis
711 294 888 340 Mysteriis,
908 295 964 329 lib.
984 305 1006 329 Ι.

247 358 391 392 Caetera
426 358 501 391 vide
535 357 626 403 apud
664 357 815 392 nostrum
849 359 891 393 de
929 358 1161 405 Scriptoribus
1203 358 1357 393 Scoticae
1400 360 1522 394 Gentis
1560 361 1659 395 Cata-

246 422 371 466 logum.
434 421 582 454 Demiun
612 421 655 455 ab
685 421 828 456 Alfredo
858 433 939 469 rege
968 427 1171 468 praeceptor
1200 422 1401 456 constitutus
1430 423 1466 457 in
1495 425 1659 458 coenobio

245 483 544 523 Malmessmrienfi,
571 497 591 519 a
619 485 795 520 malevolis
825 486 1026 532 quibusdam
1054 486 1234 532 discipulis,
1266 498 1412 531 quorum
1443 486 1657 522 insolentiam

244 559 447 593 morumque
472 548 678 593 pravitatem
704 549 815 583 acrius
840 551 1016 595 arguebat,
1044 550 1134 584 inter
1161 549 1344 596 legendum
1371 550 1537 596 scalpellis
1562 563 1659 596 prac-

244 612 353 647 acutis
386 612 579 657 perforatus
612 613 659 647 est
692 618 726 647 et
756 613 991 660 interemptus,
1028 626 1097 648 non
1130 612 1200 648 fine
1234 614 1480 648 monachorum
1514 613 1658 649 fortasfis

244 676 400 722 impulsu,
435 677 590 722 quamvis
621 678 664 711 ab
698 677 765 711 illis
798 689 878 712 mox
916 677 1007 712 inter
1042 676 1201 712 ecelesiae
1238 683 1406 723 martyres
1448 682 1657 712 numeretur.

245 741 378 775 Claruit
408 752 498 775 anno
526 753 546 775 a
575 741 789 787 plenitudine
816 741 981 787 temporis
1015 743 1094 779 884,
1129 740 1190 775 sub
1225 741 1393 787 Gregorio
1423 754 1527 788 rege3
1563 742 1660 788 cujus

246 803 471 849 sepulchrum,
515 804 557 838 ad
599 805 713 850 magni
748 804 866 839 altaris
907 803 1075 839 finistrum
1110 804 1200 839 latus
1234 803 1344 844 fitum,
1385 805 1450 840 hoc
1484 805 1658 852 epitaphio

243 873 401 902 notatur:

549 964 696 991 Clauditur
710 964 762 991 hoc
776 964 884 992 tumulo
899 974 974 992 sacer
987 963 1032 990 illc
1047 963 1169 1000 sophista
1182 963 1201 990 J
1202 973 1314 996 oannes,

547 1017 604 1049 Qui
619 1017 729 1045 dotatus
743 1022 809 1049 erat,
824 1017 891 1044 dum
906 1017 984 1049 vixit,
999 1016 1127 1053 dogmate
1141 1017 1227 1043 miro:

548 1070 682 1106 Martyrio
696 1070 809 1098 tandem
824 1070 928 1098 Christi
942 1070 1125 1097 conscendere
1139 1079 1255 1107 regnum

547 1124 612 1157 Quo
626 1125 735 1157 meruit,
750 1125 826 1152 vivet
839 1134 903 1152 cum
917 1124 1019 1152 sanctis
1033 1123 1125 1150 secula
1139 1127 1246 1151 cuncta.

784 1263 848 1298 DE
874 1260 1106 1296 MARIANO.

243 1387 453 1421 nummus,
492 1381 719 1426 cognomento
761 1386 800 1409 ac
842 1373 981 1407 natione
1022 1372 1153 1410 Scotus‚
1193 1376 1231 1404 ut
1274 1382 1391 1404 omnes
1431 1370 1655 1407 consentiunt,

242 1452 323 1485 item
353 1448 466 1482 dictus
497 1444 673 1479 Marianus
700 1439 861 1478 Inclusus,
891 1438 1041 1484 primum
1070 1435 1259 1470 monachus
1288 1434 1321 1468 S.
1351 1434 1571 1469 Pantaleonis
1600 1438 1655 1473 (ex

239 1511 442 1555 Trithemio)
470 1504 685 1545 Colonienfis‚
712 1503 834 1538 deinde
861 1499 1047 1539 Fuldenfis,
1074 1499 1203 1533 ordinis
1229 1498 1263 1532 S.
1287 1498 1478 1535 Benedieffi,
1502 1498 1655 1533 historio-

239 1577 389 1625 graphus
421 1570 673 1608 celeberrimus,
707 1566 909 1613 computista
944 1564 1090 1611 infignis,
1127 1569 1161 1598 et
1194 1563 1376 1609 theologus
1409 1562 1532 1608 gravis,
1568 1576 1655 1609 quae

239 1641 378 1677 nomina
407 1638 443 1672 in
475 1635 681 1670 hodiernum
721 1631 826 1677 usque
865 1630 956 1664 diem
993 1629 1174 1674 scriptores
1211 1639 1330 1661 onmes
1368 1627 1417 1660 illi
1454 1627 1565 1662 adhuc
1595 1628 1656 1662 tri-

239 1707 358 1739 buunt.
426 1701 488 1734 Vir
521 1704 595 1733 erat
625 1697 700 1731 Deo
730 1696 881 1733 devotus,
914 1694 949 1727 in
983 1692 1107 1727 divinis
1134 1691 1320 1737 Scripturis
1353 1691 1516 1731 cruditus,
1552 1697 1586 1726 et
1621 1692 1654 1725 in

239 1767 415 1813 disciplina
444 1762 645 1799 secularium
675 1760 853 1794 literarum
887 1756 1019 1803 copiose
1053 1756 1245 1795 instructus,
1280 1755 1408 1801 ingenii
1442 1755 1653 1795 solertiffimi,

239 1831 402 1868 sermonis
431 1827 538 1875 politi,
566 1826 703 1871 linguae
733 1822 937 1869 expeditae:
966 1821 1024 1867 qui
1053 1820 1192 1866 quidem
1222 1819 1257 1853 in
1287 1818 1525 1865 antiquiffimis
1550 1821 1653 1855 rebus

239 1910 281 1931 ex
313 1895 430 1930 abdito
460 1893 495 1926 in
524 1892 636 1925 lucem
667 1886 879 1934 proferendis
907 1892 979 1920 tam
1011 1884 1136 1919 acriter
1170 1882 1341 1918 desudasse
1372 1883 1582 1930 perhibetur,
1614 1891 1651 1919 ut

239 1961 366 1996 inultos
399 1967 542 1992 errores,
573 1954 632 2000 qui
662 1953 698 1986 in
728 1950 979 1986 eeclefiasticam
1011 1949 1184 1984 historiam
1218 1948 1397 1983 hominum
1430 1948 1518 1983 vitio
1548 1949 1654 1995 irrep-

238 2025 360 2060 serant,
395 2018 569 2057 deleverit,
600 2021 797 2060 certamque
834 2012 1014 2047 verItatcm
1045 2012 1261 2047 substituerit.
1327 2012 1402 2051 Hic,
1430 2023 1508 2046 cum
1538 2012 1653 2046 omnia

238 2088 324 2123 odiis
353 2084 518 2120 intestinis
548 2081 607 2116 sub
638 2079 848 2114 Machabaeo
878 2082 1024 2123 tyranno
1054 2076 1224 2115 arderent,
1255 2075 1367 2121 patria
1397 2074 1455 2109 sua
1484 2074 1586 2115 cessit,
1618 2081 1652 2110 et

237 2154 272 2187 in
306 2148 527 2186 Germaniam
561 2144 761 2192 peregrinus
794 2141 953 2187 aufugit;
990 2140 1151 2175 Coloniae
1181 2139 1293 2185 primo
1328 2151 1464 2185 quoque
1498 2145 1652 2186 tempore

238 2217 273 2250 in
304 2212 506 2249 monasterio
546 2211 588 2245 D.
623 2207 765 2243 Martini
798 2205 1003 2240 monachum
1041 2204 1161 2243 induit,
1196 2209 1231 2238 et
1264 2204 1298 2237 in
1332 2204 1453 2238 eodem
1487 2204 1651 2239 coenobio

238 2280 343 2314 vitam
371 2276 555 2313 solitariam
584 2272 731 2308 inclusus
758 2271 891 2305 duobus
918 2269 1015 2304 annis
1043 2267 1235 2303 voluntarie
1263 2267 1371 2302 duxit.
1423 2268 1478 2302 Ad
1505 2267 1651 2303 Fuldam
