1913 2692
590 268 652 298 DE
677 266 1011 313 SCRIPTORIBUS
1035 266 1198 297 SCOTIS.
1327 274 1337 278 ·
1570 270 1608 297 15

201 368 238 397 ut
268 361 408 396 tandem
433 358 642 394 doctiflimus
671 359 852 405 theologus
881 357 1034 393 evaserit.
1086 358 1244 397 Demum,
1271 357 1322 392 ‘ut
1352 358 1458 403 aliqui
1488 358 1616 397 volunt,

201 426 245 460 est
285 438 305 465 a
347 423 530 470 pontificiis
568 424 612 458 ob
657 423 872 462 reformatae,
908 422 1125 457 Lutheranae
1162 421 1298 461 scilicet,
1337 422 1512 468 religionis
1541 434 1618 467 pro-

200 488 373 524 feffioncm
417 494 597 524 crematus.
642 493 746 534 atque
786 488 834 521 ita
874 492 1005 532 martyr
1038 484 1262 521 sanctissimus
1303 486 1376 532 post
1414 486 1508 521 varia
1547 498 1619 520 cer-

200 553 330 587 tamina
349 564 389 586 ac
402 552 553 598 pericula
572 552 655 586 obiit
683 563 773 586 anno
802 552 904 590 1535,
924 549 983 585 sub
1005 550 1136 586 Jacobo
1159 562 1240 596 rege
1269 551 1451 586 Scotorum
1478 550 1616 591 Quinto.

655 711 717 745 DE
744 710 963 745 UMFRIDO
990 710 1155 745 HUMIO.

207 832 399 865 UMFRIDUS
430 831 580 865 Hamus
610 831 742 867 ScotuS.
770 843 814 864 ex
841 830 947 865 nobili
977 835 1012 864 et
1037 831 1180 876 antiqua
1198 831 1406 866 Humiorum
1432 831 1561 866 familia
1585 832 1618 865 in

203 894 331 929 Mercia
360 895 533 931 oriundus,
570 894 764 928 adolescens
798 894 1033 940 Andreapolin
1067 894 1110 928 ad
1144 894 1252 929 studia
1277 894 1336 929 sua
1361 895 1569 941 perficienda
1600 908 1619 929 a

202 958 399 1004 parentibus
424 958 470 993 est
500 956 623 996 missus,
654 958 714 992 ubi
740 958 887 993 feliciter
913 970 1053 1004 operam
1089 963 1124 992 et
1160 959 1358 993 industriam
1394 959 1487 994 suam
1518 959 1620 993 collo-

200 1023 298 1058 cavit.
317 1022 538 1067 animumque
555 1027 668 1056 totum
687 1022 839 1068 legendis
856 1021 1002 1056 historiis
1023 1022 1164 1057 addixit.
1217 1023 1353 1069 Scripsit

345 1085 552 1120 Conflietum
576 1086 666 1120 inter
686 1086 806 1120 Scotos
824 1092 858 1120 et
876 1086 1015 1132 Anglos,
1034 1086 1091 1121 lib.
1111 1097 1132 1120 Ι.

346 1149 401 1184 Ad
418 1149 557 1184 Merliui
575 1150 843 1185 Praedictiones.

201 1213 333 1247 Claruit
350 1225 441 1248 anno
459 1213 599 1248 Domini
619 1215 721 1253 1540,
740 1219 907 1260 regnante
924 1214 1055 1248 Jacobo
1074 1214 1213 1255 Quinto.

605 1374 669 1407 DE
695 1373 916 1408 ROBERTO
943 1373 1194 1408 BRITANNO.

204 1493 401 1527 RoBERTUs
460 1493 688 1532 Ennea-xus,
743 1493 881 1539 proprie
938 1493 1111 1528 Bananus
1153 1493 1276 1530 dietus.
1329 1506 1372 1529 ex
1415 1495 1619 1530 Lauthiania

201 1556 346 1597 australi,
387 1562 421 1591 et
455 1556 687 1591 Bartanorum
722 1557 852 1592 familia
885 1557 1060 1598 oriundus,
1091 1559 1134 1593 ab
1164 1558 1235 1605 ipsa
1268 1558 1380 1594 statim
1408 1560 1556 1606 pueritia
1586 1561 1620 1595 in

202 1621 300 1657 bonis
328 1620 437 1656 literis
467 1620 652 1661 educatus;
679 1622 731 1655 vir
760 1622 797 1656 in
827 1621 929 1656 Musis
952 1623 1135 1669 praecipue
1166 1623 1427 1660 humanioribus
1459 1625 1620 1663 versatus,

201 1685 338 1733 insignis
366 1685 545 1720 literarum
574 1686 698 1727 fautor,
729 1691 866 1721 tantum
897 1687 1001 1721 etiam
1031 1687 1067 1721 in
1096 1688 1241 1724 aliarum
1268 1689 1395 1724 artium
1419 1689 1526 1724 studio
1543 1702 1621 1736 pro-

201 1752 337 1790 fecerat,
368 1754 406 1784 ut
433 1750 483 1784 sui
512 1750 586 1785 aevi
615 1750 672 1784 vix
702 1750 862 1797 cuiquam
888 1751 1055 1786 secundus
1080 1752 1194 1787 fuerit.
1245 1752 1393 1788 Edidiffe
1424 1766 1504 1788 vero
1530 1754 1620 1788 hunc

203 1814 394 1849 Robertum
407 1813 522 1847 ferunt

347 1876 552 1911 Encomium
569 1877 821 1924 Agriculturae,
839 1878 974 1914 Parisiis
991 1881 1161 1916 excusum.

346 1941 529 1976 Orationes
546 1941 630 1976 duas
647 1942 689 1977 de
708 1943 797 1978 Pace
814 1948 850 1978 et
866 1943 1094 1991 Philosophia.

347 2004 400 2039 De
426 2005 651 2040 Parcimonia.

348 2067 400 2102 De
418 2068 549 2114 optimo
568 2069 668 2103 Statu
686 2069 919 2116 Reipublicae,
936 2072 993 2106 lib.
1013 2083 1035 2106 Ι.

347 2131 631 2178 Deplorationem
648 2133 812 2168 Gulielmi
829 2135 957 2170 Balaei.

348 2195 534 2231 Rationem
552 2196 882 2233 Conscribendarum
900 2199 1136 2246 Epistolarum.

207 2258 300 2293 Idem
318 2260 490 2295 transtulit
507 2273 550 2295 ex
567 2261 764 2301 Plutarcho,

349 2323 620 2361 Consolatoriam
637 2325 680 2360 ad
698 2325 860 2367 Uxorem,
880 2332 914 2362 et
933 2327 1030 2363 Vitas
1047 2328 1165 2363 decem
1183 2329 1385 2365 Rhetoruni.
