<?xml version="1.0" encoding="UTF-8"?>
<!DOCTYPE html PUBLIC "-//W3C//DTD XHTML 1.0 Transitional//EN"
    "http://www.w3.org/TR/xhtml1/DTD/xhtml1-transitional.dtd">
<html xmlns="http://www.w3.org/1999/xhtml" xml:lang="en" lang="en">
 <head>
  <title>
</title>
<meta http-equiv="Content-Type" content="text/html;charset=utf-8" />
  <meta name='ocr-system' content='tesseract 3.04.00' />
  <meta name='ocr-capabilities' content='ocr_page ocr_carea ocr_par ocr_line ocrx_word'/>
</head>
<body>
  <div class='ocr_page' id='page_1' title='image "./davidisbuchanani00bann_0063.png"; bbox 0 0 1913 2692; ppageno 0'>
   <div class='ocr_carea' id='block_1_1' title="bbox 584 207 1616 240">
    <p class='ocr_par' dir='ltr' id='par_1_1' title="bbox 584 207 1616 240">
     <span class='ocr_line' id='line_1_1' title="bbox 584 207 1616 240; baseline -0.005 0"><span class='ocrx_word' id='word_1_1' title='bbox 584 210 645 240; x_wconf 84' lang='lat' dir='ltr'>DE</span> <span class='ocrx_word' id='word_1_2' title='bbox 684 207 1017 239; x_wconf 84' lang='lat' dir='ltr'>SCRIPTORIBUS</span> <span class='ocrx_word' id='word_1_3' title='bbox 1056 207 1218 238; x_wconf 84' lang='lat' dir='ltr'>SCOTIS.</span> <span class='ocrx_word' id='word_1_4' title='bbox 1580 208 1616 236; x_wconf 73' lang='lat'>41</span> 
     </span>
    </p>
   </div>
   <div class='ocr_carea' id='block_1_2' title="bbox 201 300 1617 603">
    <p class='ocr_par' dir='ltr' id='par_1_2' title="bbox 346 300 803 339">
     <span class='ocr_line' id='line_1_2' title="bbox 346 300 803 339; baseline -0.004 -4"><span class='ocrx_word' id='word_1_5' title='bbox 346 301 398 335; x_wconf 88' lang='lat' dir='ltr'>De</span> <span class='ocrx_word' id='word_1_6' title='bbox 416 300 631 339; x_wconf 86' lang='lat' dir='ltr'>Humilitate,</span> <span class='ocrx_word' id='word_1_7' title='bbox 651 300 707 333; x_wconf 86' lang='lat' dir='ltr'>lib.</span> <span class='ocrx_word' id='word_1_8' title='bbox 727 310 749 333; x_wconf 91' lang='lat'>1.</span> <span class='ocrx_word' id='word_1_9' title='bbox 768 305 803 333; x_wconf 87' lang='lat' dir='ltr'>et</span> 
     </span>
    </p>

    <p class='ocr_par' dir='ltr' id='par_1_3' title="bbox 201 364 1617 603">
     <span class='ocr_line' id='line_1_3' title="bbox 345 364 708 403; baseline -0.008 -3"><span class='ocrx_word' id='word_1_10' title='bbox 345 366 397 400; x_wconf 84' lang='lat' dir='ltr'>De</span> <span class='ocrx_word' id='word_1_11' title='bbox 416 364 590 403; x_wconf 82' lang='lat' dir='ltr'>Oratione,</span> <span class='ocrx_word' id='word_1_12' title='bbox 610 364 666 399; x_wconf 87' lang='lat' dir='ltr'>lib.</span> <span class='ocrx_word' id='word_1_13' title='bbox 686 375 708 397; x_wconf 86' lang='lat'>1.</span> 
     </span>
     <span class='ocr_line' id='line_1_4' title="bbox 201 424 1616 475; baseline -0.004 -11"><span class='ocrx_word' id='word_1_14' title='bbox 201 431 346 465; x_wconf 81' lang='lat' dir='ltr'>Caetera</span> <span class='ocrx_word' id='word_1_15' title='bbox 376 429 447 475; x_wconf 84' lang='lat' dir='ltr'>ejus</span> <span class='ocrx_word' id='word_1_16' title='bbox 481 428 613 474; x_wconf 85' lang='lat' dir='ltr'>scripta,</span> <span class='ocrx_word' id='word_1_17' title='bbox 649 439 873 474; x_wconf 86' lang='lat' dir='ltr'>quaecunque</span> <span class='ocrx_word' id='word_1_18' title='bbox 903 427 962 461; x_wconf 83' lang='lat' dir='ltr'>illa</span> <span class='ocrx_word' id='word_1_19' title='bbox 995 427 1132 466; x_wconf 79' lang='lat' dir='ltr'>suerint,</span> <span class='ocrx_word' id='word_1_20' title='bbox 1167 426 1264 460; x_wconf 79' lang='lat' dir='ltr'>nobis</span> <span class='ocrx_word' id='word_1_21' title='bbox 1298 425 1409 460; x_wconf 81' lang='lat' dir='ltr'>adhuc</span> <span class='ocrx_word' id='word_1_22' title='bbox 1444 424 1616 470; x_wconf 84' lang='lat' dir='ltr'>incognita</span> 
     </span>
     <span class='ocr_line' id='line_1_5' title="bbox 201 488 1617 538; baseline -0.005 -11"><span class='ocrx_word' id='word_1_23' title='bbox 201 498 350 528; x_wconf 88' lang='lat' dir='ltr'>manent.</span> <span class='ocrx_word' id='word_1_24' title='bbox 420 492 552 527; x_wconf 82' lang='lat' dir='ltr'>Claruit</span> <span class='ocrx_word' id='word_1_25' title='bbox 586 504 676 526; x_wconf 87' lang='lat' dir='ltr'>anno</span> <span class='ocrx_word' id='word_1_26' title='bbox 711 491 864 538; x_wconf 83' lang='lat' dir='ltr'>Virginei</span> <span class='ocrx_word' id='word_1_27' title='bbox 899 496 1017 537; x_wconf 83' lang='lat' dir='ltr'>partus</span> <span class='ocrx_word' id='word_1_28' title='bbox 1050 493 1130 531; x_wconf 66' lang='lat'>440,</span> <span class='ocrx_word' id='word_1_29' title='bbox 1170 490 1230 525; x_wconf 91' lang='lat' dir='ltr'>sub</span> <span class='ocrx_word' id='word_1_30' title='bbox 1266 490 1421 536; x_wconf 87' lang='lat' dir='ltr'>Eugenio</span> <span class='ocrx_word' id='word_1_31' title='bbox 1460 488 1617 524; x_wconf 83' lang='lat' dir='ltr'>Secundo</span> 
     </span>
     <span class='ocr_line' id='line_1_6' title="bbox 202 552 1546 603; baseline -0.004 -11"><span class='ocrx_word' id='word_1_32' title='bbox 202 558 383 592; x_wconf 77' lang='lat' dir='ltr'>Scotorum</span> <span class='ocrx_word' id='word_1_33' title='bbox 401 568 491 603; x_wconf 79' lang='lat' dir='ltr'>rege,</span> <span class='ocrx_word' id='word_1_34' title='bbox 512 556 566 591; x_wconf 82' lang='lat' dir='ltr'>sed</span> <span class='ocrx_word' id='word_1_35' title='bbox 584 568 653 603; x_wconf 90' lang='lat' dir='ltr'>quo</span> <span class='ocrx_word' id='word_1_36' title='bbox 671 556 706 591; x_wconf 88' lang='lat' dir='ltr'>in</span> <span class='ocrx_word' id='word_1_37' title='bbox 724 556 799 591; x_wconf 90' lang='lat' dir='ltr'>loco</span> <span class='ocrx_word' id='word_1_38' title='bbox 817 556 886 590; x_wconf 89' lang='lat' dir='ltr'>illic</span> <span class='ocrx_word' id='word_1_39' title='bbox 905 555 1055 601; x_wconf 61' lang='lat' dir='ltr'>ibpultus</span> <span class='ocrx_word' id='word_1_40' title='bbox 1074 554 1120 593; x_wconf 79' lang='lat' dir='ltr'>fit,</span> <span class='ocrx_word' id='word_1_41' title='bbox 1139 559 1258 600; x_wconf 83' lang='lat' dir='ltr'>aperte</span> <span class='ocrx_word' id='word_1_42' title='bbox 1276 565 1345 588; x_wconf 87' lang='lat' dir='ltr'>nou</span> <span class='ocrx_word' id='word_1_43' title='bbox 1363 552 1546 588; x_wconf 85' lang='lat' dir='ltr'>invenitur.</span> 
     </span>
    </p>
   </div>
   <div class='ocr_carea' id='block_1_3' title="bbox 744 699 1074 735">
    <p class='ocr_par' dir='ltr' id='par_1_4' title="bbox 744 699 1074 735">
     <span class='ocr_line' id='line_1_7' title="bbox 744 699 1074 735; baseline -0.003 -1"><span class='ocrx_word' id='word_1_44' title='bbox 744 699 807 734; x_wconf 91' lang='lat' dir='ltr'>DE</span> <span class='ocrx_word' id='word_1_45' title='bbox 832 700 1074 735; x_wconf 85' lang='lat' dir='ltr'>MACKAYO.</span> 
     </span>
    </p>
   </div>
   <div class='ocr_carea' id='block_1_4' title="bbox 203 810 1629 2008">
    <p class='ocr_par' dir='ltr' id='par_1_5' title="bbox 203 810 1629 2008">
     <span class='ocr_line' id='line_1_8' title="bbox 203 810 1620 851; baseline -0.002 -4"><span class='ocrx_word' id='word_1_46' title='bbox 203 813 414 848; x_wconf 67' lang='lat' dir='ltr'><strong>MACKAYUS</strong></span> <span class='ocrx_word' id='word_1_47' title='bbox 449 813 502 847; x_wconf 83' lang='lat' dir='ltr'>vel</span> <span class='ocrx_word' id='word_1_48' title='bbox 532 813 713 847; x_wconf 84' lang='lat' dir='ltr'>Maccaeus</span> <span class='ocrx_word' id='word_1_49' title='bbox 744 817 848 851; x_wconf 75' lang='lat' dir='ltr'>vates,</span> <span class='ocrx_word' id='word_1_50' title='bbox 880 812 933 846; x_wconf 87' lang='lat' dir='ltr'>vel</span> <span class='ocrx_word' id='word_1_51' title='bbox 964 811 1152 846; x_wconf 85' lang='lat' dir='ltr'>Bacharius</span> <span class='ocrx_word' id='word_1_52' title='bbox 1181 811 1362 846; x_wconf 86' lang='lat' dir='ltr'>Maccaeus</span> <span class='ocrx_word' id='word_1_53' title='bbox 1392 810 1514 850; x_wconf 82' lang='lat' dir='ltr'>Piti&#39;eo,</span> <span class='ocrx_word' id='word_1_54' title='bbox 1547 811 1620 844; x_wconf 82' lang='lat' dir='ltr'>Ma-</span> 
     </span>
     <span class='ocr_line' id='line_1_9' title="bbox 204 874 1620 916; baseline -0.001 -6"><span class='ocrx_word' id='word_1_55' title='bbox 204 876 326 910; x_wconf 87' lang='lat' dir='ltr'>chillus</span> <span class='ocrx_word' id='word_1_56' title='bbox 353 875 464 916; x_wconf 86' lang='lat' dir='ltr'>Surio,</span> <span class='ocrx_word' id='word_1_57' title='bbox 494 875 569 910; x_wconf 87' lang='lat' dir='ltr'>aliis</span> <span class='ocrx_word' id='word_1_58' title='bbox 599 875 726 914; x_wconf 72' lang='lat' dir='ltr'>Manca,</span> <span class='ocrx_word' id='word_1_59' title='bbox 757 875 832 910; x_wconf 87' lang='lat' dir='ltr'>aliis</span> <span class='ocrx_word' id='word_1_60' title='bbox 861 875 965 910; x_wconf 87' lang='lat' dir='ltr'>etiam</span> <span class='ocrx_word' id='word_1_61' title='bbox 1000 875 1188 915; x_wconf 84' lang='lat' dir='ltr'>Machillas,</span> <span class='ocrx_word' id='word_1_62' title='bbox 1226 874 1427 909; x_wconf 80' lang='lat' dir='ltr'>Bachiarius</span> <span class='ocrx_word' id='word_1_63' title='bbox 1462 874 1620 909; x_wconf 83' lang='lat' dir='ltr'>Macceus</span> 
     </span>
     <span class='ocr_line' id='line_1_10' title="bbox 206 938 1620 985; baseline -0.003 -10"><span class='ocrx_word' id='word_1_64' title='bbox 206 940 320 979; x_wconf 81' lang='lat' dir='ltr'>Baleo,</span> <span class='ocrx_word' id='word_1_65' title='bbox 363 940 438 974; x_wconf 90' lang='lat' dir='ltr'>aliis</span> <span class='ocrx_word' id='word_1_66' title='bbox 478 939 624 985; x_wconf 85' lang='lat' dir='ltr'>denique</span> <span class='ocrx_word' id='word_1_67' title='bbox 667 938 863 973; x_wconf 80' lang='lat' dir='ltr'>Bacciarius</span> <span class='ocrx_word' id='word_1_68' title='bbox 897 944 931 973; x_wconf 91' lang='lat' dir='ltr'>et</span> <span class='ocrx_word' id='word_1_69' title='bbox 966 939 1169 979; x_wconf 83' lang='lat' dir='ltr'>Bachianus,</span> <span class='ocrx_word' id='word_1_70' title='bbox 1204 940 1247 974; x_wconf 85' lang='lat' dir='ltr'>ab</span> <span class='ocrx_word' id='word_1_71' title='bbox 1281 938 1440 973; x_wconf 87' lang='lat' dir='ltr'>omnibus</span> <span class='ocrx_word' id='word_1_72' title='bbox 1482 938 1620 972; x_wconf 82' lang='lat' dir='ltr'>natione</span> 
     </span>
     <span class='ocr_line' id='line_1_11' title="bbox 206 1001 1620 1050; baseline -0.001 -13"><span class='ocrx_word' id='word_1_73' title='bbox 206 1004 402 1043; x_wconf 78' lang='lat' dir='ltr'><strong>Britannus,</strong></span> <span class='ocrx_word' id='word_1_74' title='bbox 440 1004 483 1038; x_wconf 88' lang='lat' dir='ltr'>ab</span> <span class='ocrx_word' id='word_1_75' title='bbox 525 1002 663 1049; x_wconf 83' lang='lat' dir='ltr'>optimis</span> <span class='ocrx_word' id='word_1_76' title='bbox 696 1002 851 1048; x_wconf 88' lang='lat' dir='ltr'>pluribus</span> <span class='ocrx_word' id='word_1_77' title='bbox 887 1003 1011 1038; x_wconf 81' lang='lat' dir='ltr'>Scotus</span> <span class='ocrx_word' id='word_1_78' title='bbox 1042 1002 1237 1050; x_wconf 71' lang='lat' dir='ltr'>agnoscitur</span> <span class='ocrx_word' id='word_1_79' title='bbox 1269 1008 1305 1037; x_wconf 82' lang='lat' dir='ltr'>et</span> <span class='ocrx_word' id='word_1_80' title='bbox 1338 1001 1537 1037; x_wconf 78' lang='lat' dir='ltr'>insulanus:</span> <span class='ocrx_word' id='word_1_81' title='bbox 1575 1002 1620 1035; x_wconf 84' lang='lat' dir='ltr'>ibi</span> 
     </span>
     <span class='ocr_line' id='line_1_12' title="bbox 206 1065 1622 1114; baseline -0.001 -12"><span class='ocrx_word' id='word_1_82' title='bbox 206 1069 297 1103; x_wconf 75' lang='lat' dir='ltr'>enim</span> <span class='ocrx_word' id='word_1_83' title='bbox 327 1068 420 1114; x_wconf 91' lang='lat' dir='ltr'>apud</span> <span class='ocrx_word' id='word_1_84' title='bbox 451 1067 614 1102; x_wconf 83' lang='lat' dir='ltr'>Hebudes</span> <span class='ocrx_word' id='word_1_85' title='bbox 641 1072 676 1101; x_wconf 87' lang='lat' dir='ltr'>et</span> <span class='ocrx_word' id='word_1_86' title='bbox 707 1067 878 1101; x_wconf 87' lang='lat' dir='ltr'>Aemodes</span> <span class='ocrx_word' id='word_1_87' title='bbox 907 1066 1086 1113; x_wconf 87' lang='lat' dir='ltr'>Brigidam</span> <span class='ocrx_word' id='word_1_88' title='bbox 1115 1066 1264 1113; x_wconf 87' lang='lat' dir='ltr'>aliasque</span> <span class='ocrx_word' id='word_1_89' title='bbox 1294 1066 1444 1112; x_wconf 85' lang='lat' dir='ltr'>virgines</span> <span class='ocrx_word' id='word_1_90' title='bbox 1472 1065 1622 1112; x_wconf 88' lang='lat' dir='ltr'>primum</span> 
     </span>
     <span class='ocr_line' id='line_1_13' title="bbox 206 1130 1623 1178; baseline -0.001 -12"><span class='ocrx_word' id='word_1_91' title='bbox 206 1131 340 1172; x_wconf 52' lang='lat' dir='ltr'>velarit,</span> <span class='ocrx_word' id='word_1_92' title='bbox 371 1131 512 1178; x_wconf 85' lang='lat' dir='ltr'>pallium</span> <span class='ocrx_word' id='word_1_93' title='bbox 542 1131 659 1166; x_wconf 83' lang='lat' dir='ltr'>album</span> <span class='ocrx_word' id='word_1_94' title='bbox 687 1136 722 1166; x_wconf 83' lang='lat' dir='ltr'>et</span> <span class='ocrx_word' id='word_1_95' title='bbox 752 1131 877 1165; x_wconf 72' lang='lat' dir='ltr'>vestem</span> <span class='ocrx_word' id='word_1_96' title='bbox 904 1130 1084 1166; x_wconf 84' lang='lat' dir='ltr'>candidam</span> <span class='ocrx_word' id='word_1_97' title='bbox 1114 1130 1214 1177; x_wconf 88' lang='lat' dir='ltr'>super</span> <span class='ocrx_word' id='word_1_98' title='bbox 1243 1130 1393 1177; x_wconf 88' lang='lat' dir='ltr'>ipsarum</span> <span class='ocrx_word' id='word_1_99' title='bbox 1422 1130 1535 1176; x_wconf 84' lang='lat' dir='ltr'>capita</span> <span class='ocrx_word' id='word_1_100' title='bbox 1561 1130 1623 1164; x_wconf 87' lang='lat' dir='ltr'>im-</span> 
     </span>
     <span class='ocr_line' id='line_1_14' title="bbox 206 1193 1622 1242; baseline -0.002 -12"><span class='ocrx_word' id='word_1_101' title='bbox 206 1195 326 1242; x_wconf 82' lang='lat' dir='ltr'><strong>posuit.</strong></span> <span class='ocrx_word' id='word_1_102' title='bbox 376 1195 462 1230; x_wconf 83' lang='lat' dir='ltr'>Erat</span> <span class='ocrx_word' id='word_1_103' title='bbox 494 1195 598 1230; x_wconf 81' lang='lat' dir='ltr'>etiam</span> <span class='ocrx_word' id='word_1_104' title='bbox 633 1195 667 1230; x_wconf 84' lang='lat' dir='ltr'>S.</span> <span class='ocrx_word' id='word_1_105' title='bbox 701 1194 842 1229; x_wconf 81' lang='lat' dir='ltr'>Patricii</span> <span class='ocrx_word' id='word_1_106' title='bbox 877 1194 1068 1241; x_wconf 86' lang='lat' dir='ltr'>discipulus.</span> <span class='ocrx_word' id='word_1_107' title='bbox 1120 1194 1303 1240; x_wconf 85' lang='lat' dir='ltr'>Postquam</span> <span class='ocrx_word' id='word_1_108' title='bbox 1333 1193 1428 1229; x_wconf 80' lang='lat' dir='ltr'>varia</span> <span class='ocrx_word' id='word_1_109' title='bbox 1455 1195 1622 1229; x_wconf 84' lang='lat' dir='ltr'>bonarum</span> 
     </span>
     <span class='ocr_line' id='line_1_15' title="bbox 207 1256 1625 1303; baseline -0.003 -8"><span class='ocrx_word' id='word_1_110' title='bbox 207 1260 334 1295; x_wconf 88' lang='lat' dir='ltr'>artium</span> <span class='ocrx_word' id='word_1_111' title='bbox 367 1259 495 1294; x_wconf 86' lang='lat' dir='ltr'>semina</span> <span class='ocrx_word' id='word_1_112' title='bbox 524 1265 559 1294; x_wconf 86' lang='lat' dir='ltr'>et</span> <span class='ocrx_word' id='word_1_113' title='bbox 592 1259 816 1294; x_wconf 85' lang='lat' dir='ltr'>fundamenta</span> <span class='ocrx_word' id='word_1_114' title='bbox 845 1258 1031 1294; x_wconf 82' lang='lat' dir='ltr'>mediocria</span> <span class='ocrx_word' id='word_1_115' title='bbox 1060 1258 1151 1293; x_wconf 87' lang='lat' dir='ltr'>inter</span> <span class='ocrx_word' id='word_1_116' title='bbox 1179 1258 1365 1292; x_wconf 80' lang='lat' dir='ltr'>monachos</span> <span class='ocrx_word' id='word_1_117' title='bbox 1389 1256 1530 1303; x_wconf 81' lang='lat' dir='ltr'>jeeiffet,</span> <span class='ocrx_word' id='word_1_118' title='bbox 1562 1257 1625 1291; x_wconf 74' lang='lat' dir='ltr'>dis-</span> 
     </span>
     <span class='ocr_line' id='line_1_16' title="bbox 208 1321 1625 1371; baseline -0.003 -12"><span class='ocrx_word' id='word_1_119' title='bbox 208 1324 342 1371; x_wconf 87' lang='lat' dir='ltr'>ciplinis</span> <span class='ocrx_word' id='word_1_120' title='bbox 373 1323 627 1359; x_wconf 80' lang='lat' dir='ltr'><strong>mathematicis</strong></span> <span class='ocrx_word' id='word_1_121' title='bbox 667 1328 780 1358; x_wconf 81' lang='lat' dir='ltr'>aetate</span> <span class='ocrx_word' id='word_1_122' title='bbox 811 1322 957 1369; x_wconf 79' lang='lat' dir='ltr'>juvenili</span> <span class='ocrx_word' id='word_1_123' title='bbox 989 1322 1022 1356; x_wconf 92' lang='lat' dir='ltr'>se</span> <span class='ocrx_word' id='word_1_124' title='bbox 1056 1326 1168 1356; x_wconf 87' lang='lat' dir='ltr'>totum</span> <span class='ocrx_word' id='word_1_125' title='bbox 1202 1321 1344 1356; x_wconf 83' lang='lat' dir='ltr'><strong>addixit.</strong></span> <span class='ocrx_word' id='word_1_126' title='bbox 1412 1321 1496 1356; x_wconf 89' lang='lat' dir='ltr'>Erat</span> <span class='ocrx_word' id='word_1_127' title='bbox 1531 1326 1625 1355; x_wconf 76' lang='lat' dir='ltr'>vates</span> 
     </span>
     <span class='ocr_line' id='line_1_17' title="bbox 209 1385 1626 1435; baseline -0.002 -13"><span class='ocrx_word' id='word_1_128' title='bbox 209 1387 345 1435; x_wconf 85' lang='lat' dir='ltr'>infignis</span> <span class='ocrx_word' id='word_1_129' title='bbox 374 1393 409 1422; x_wconf 89' lang='lat' dir='ltr'>et</span> <span class='ocrx_word' id='word_1_130' title='bbox 437 1387 701 1422; x_wconf 84' lang='lat' dir='ltr'>mathematicus</span> <span class='ocrx_word' id='word_1_131' title='bbox 730 1385 956 1433; x_wconf 83' lang='lat' dir='ltr'>peritiffimus‚</span> <span class='ocrx_word' id='word_1_132' title='bbox 986 1397 1066 1420; x_wconf 89' lang='lat' dir='ltr'>nam</span> <span class='ocrx_word' id='word_1_133' title='bbox 1095 1397 1233 1420; x_wconf 88' lang='lat' dir='ltr'>omnem</span> <span class='ocrx_word' id='word_1_134' title='bbox 1258 1385 1477 1431; x_wconf 82' lang='lat' dir='ltr'>juventutem</span> <span class='ocrx_word' id='word_1_135' title='bbox 1507 1385 1542 1419; x_wconf 89' lang='lat' dir='ltr'>in</span> <span class='ocrx_word' id='word_1_136' title='bbox 1572 1385 1626 1419; x_wconf 81' lang='lat' dir='ltr'>his</span> 
     </span>
     <span class='ocr_line' id='line_1_18' title="bbox 210 1449 1625 1498; baseline -0.002 -12"><span class='ocrx_word' id='word_1_137' title='bbox 210 1451 326 1486; x_wconf 87' lang='lat' dir='ltr'>studiis</span> <span class='ocrx_word' id='word_1_138' title='bbox 346 1451 479 1498; x_wconf 85' lang='lat' dir='ltr'>posuit:</span> <span class='ocrx_word' id='word_1_139' title='bbox 506 1463 584 1486; x_wconf 89' lang='lat' dir='ltr'>cum</span> <span class='ocrx_word' id='word_1_140' title='bbox 607 1456 724 1486; x_wconf 86' lang='lat' dir='ltr'>autem</span> <span class='ocrx_word' id='word_1_141' title='bbox 749 1451 792 1486; x_wconf 85' lang='lat' dir='ltr'>ad</span> <span class='ocrx_word' id='word_1_142' title='bbox 818 1450 1071 1497; x_wconf 56' lang='lat' dir='ltr'>provectiorem</span> <span class='ocrx_word' id='word_1_143' title='bbox 1095 1454 1246 1484; x_wconf 85' lang='lat' dir='ltr'>aetatem</span> <span class='ocrx_word' id='word_1_144' title='bbox 1273 1449 1486 1496; x_wconf 76' lang='lat' dir='ltr'>perveniffet,</span> <span class='ocrx_word' id='word_1_145' title='bbox 1514 1462 1625 1496; x_wconf 86' lang='lat' dir='ltr'>neque</span> 
     </span>
     <span class='ocr_line' id='line_1_19' title="bbox 212 1512 1626 1561; baseline -0.001 -12"><span class='ocrx_word' id='word_1_146' title='bbox 212 1516 304 1550; x_wconf 89' lang='lat' dir='ltr'>domi</span> <span class='ocrx_word' id='word_1_147' title='bbox 330 1515 445 1550; x_wconf 84' lang='lat' dir='ltr'>omnia</span> <span class='ocrx_word' id='word_1_148' title='bbox 469 1520 625 1561; x_wconf 87' lang='lat' dir='ltr'>tempore</span> <span class='ocrx_word' id='word_1_149' title='bbox 650 1515 732 1550; x_wconf 89' lang='lat' dir='ltr'>belli</span> <span class='ocrx_word' id='word_1_150' title='bbox 757 1514 837 1549; x_wconf 88' lang='lat' dir='ltr'>satis</span> <span class='ocrx_word' id='word_1_151' title='bbox 862 1519 938 1549; x_wconf 91' lang='lat' dir='ltr'>tuta</span> <span class='ocrx_word' id='word_1_152' title='bbox 963 1512 1079 1553; x_wconf 70' lang='lat' dir='ltr'>essent,</span> <span class='ocrx_word' id='word_1_153' title='bbox 1104 1517 1181 1547; x_wconf 84' lang='lat' dir='ltr'>tum</span> <span class='ocrx_word' id='word_1_154' title='bbox 1205 1513 1336 1559; x_wconf 86' lang='lat' dir='ltr'>majora</span> <span class='ocrx_word' id='word_1_155' title='bbox 1361 1513 1510 1548; x_wconf 86' lang='lat' dir='ltr'>discendi</span> <span class='ocrx_word' id='word_1_156' title='bbox 1534 1513 1626 1559; x_wconf 89' lang='lat' dir='ltr'>cupi-</span> 
     </span>
     <span class='ocr_line' id='line_1_20' title="bbox 211 1576 1625 1626; baseline -0.002 -12"><span class='ocrx_word' id='word_1_157' title='bbox 211 1580 283 1620; x_wconf 90' lang='lat' dir='ltr'>dus,</span> <span class='ocrx_word' id='word_1_158' title='bbox 312 1579 624 1626; x_wconf 83' lang='lat' dir='ltr'>peregrinationem</span> <span class='ocrx_word' id='word_1_159' title='bbox 655 1579 793 1625; x_wconf 86' lang='lat' dir='ltr'>longam</span> <span class='ocrx_word' id='word_1_160' title='bbox 822 1579 858 1613; x_wconf 90' lang='lat' dir='ltr'>in</span> <span class='ocrx_word' id='word_1_161' title='bbox 888 1577 1024 1612; x_wconf 83' lang='lat' dir='ltr'>Italiam</span> <span class='ocrx_word' id='word_1_162' title='bbox 1054 1576 1160 1623; x_wconf 87' lang='lat' dir='ltr'>usque</span> <span class='ocrx_word' id='word_1_163' title='bbox 1185 1577 1338 1624; x_wconf 75' lang='lat' dir='ltr'>suscepit,</span> <span class='ocrx_word' id='word_1_164' title='bbox 1367 1578 1458 1612; x_wconf 91' lang='lat' dir='ltr'>unde</span> <span class='ocrx_word' id='word_1_165' title='bbox 1484 1578 1625 1613; x_wconf 67' lang='lat' dir='ltr'>faaum.</span> 
     </span>
     <span class='ocr_line' id='line_1_21' title="bbox 212 1640 1625 1689; baseline -0.002 -11"><span class='ocrx_word' id='word_1_166' title='bbox 212 1650 249 1678; x_wconf 82' lang='lat' dir='ltr'>ut</span> <span class='ocrx_word' id='word_1_167' title='bbox 282 1645 533 1678; x_wconf 64' lang='lat' dir='ltr'>obtreetatores</span> <span class='ocrx_word' id='word_1_168' title='bbox 562 1643 702 1689; x_wconf 85' lang='lat' dir='ltr'>quidam</span> <span class='ocrx_word' id='word_1_169' title='bbox 736 1655 815 1678; x_wconf 87' lang='lat' dir='ltr'>eum</span> <span class='ocrx_word' id='word_1_170' title='bbox 851 1640 1014 1688; x_wconf 81' lang='lat' dir='ltr'>aufugiss&#39;e</span> <span class='ocrx_word' id='word_1_171' title='bbox 1044 1653 1088 1676; x_wconf 90' lang='lat' dir='ltr'>ex</span> <span class='ocrx_word' id='word_1_172' title='bbox 1114 1641 1227 1688; x_wconf 85' lang='lat' dir='ltr'>patria</span> <span class='ocrx_word' id='word_1_173' title='bbox 1260 1642 1292 1676; x_wconf 90' lang='lat' dir='ltr'>ei</span> <span class='ocrx_word' id='word_1_174' title='bbox 1326 1641 1460 1676; x_wconf 84' lang='lat' dir='ltr'>crimini</span> <span class='ocrx_word' id='word_1_175' title='bbox 1495 1642 1625 1677; x_wconf 83' lang='lat' dir='ltr'>darent.</span> 
     </span>
     <span class='ocr_line' id='line_1_22' title="bbox 212 1705 1626 1751; baseline -0.001 -10"><span class='ocrx_word' id='word_1_176' title='bbox 212 1707 281 1741; x_wconf 85' lang='lat' dir='ltr'>Sed</span> <span class='ocrx_word' id='word_1_177' title='bbox 313 1706 405 1741; x_wconf 83' lang='lat' dir='ltr'>edito</span> <span class='ocrx_word' id='word_1_178' title='bbox 438 1706 578 1741; x_wconf 87' lang='lat' dir='ltr'>tandem</span> <span class='ocrx_word' id='word_1_179' title='bbox 608 1706 734 1746; x_wconf 86' lang='lat' dir='ltr'>libello,</span> <span class='ocrx_word' id='word_1_180' title='bbox 765 1706 943 1740; x_wconf 84' lang='lat' dir='ltr'>Romanae</span> <span class='ocrx_word' id='word_1_181' title='bbox 976 1705 1071 1740; x_wconf 81' lang='lat' dir='ltr'>urbis</span> <span class='ocrx_word' id='word_1_182' title='bbox 1104 1705 1258 1751; x_wconf 86' lang='lat' dir='ltr'>pontifici</span> <span class='ocrx_word' id='word_1_183' title='bbox 1289 1706 1404 1745; x_wconf 91' lang='lat' dir='ltr'>Leoni,</span> <span class='ocrx_word' id='word_1_184' title='bbox 1436 1711 1475 1741; x_wconf 83' lang='lat' dir='ltr'>ut</span> <span class='ocrx_word' id='word_1_185' title='bbox 1508 1706 1626 1745; x_wconf 85' lang='lat' dir='ltr'>fertur,</span> 
     </span>
     <span class='ocr_line' id='line_1_23' title="bbox 213 1768 1628 1816; baseline -0.001 -11"><span class='ocrx_word' id='word_1_186' title='bbox 213 1771 381 1810; x_wconf 82' lang='lat' dir='ltr'>satisfecit,</span> <span class='ocrx_word' id='word_1_187' title='bbox 412 1775 449 1804; x_wconf 87' lang='lat' dir='ltr'>ut</span> <span class='ocrx_word' id='word_1_188' title='bbox 480 1782 523 1804; x_wconf 85' lang='lat' dir='ltr'>ex</span> <span class='ocrx_word' id='word_1_189' title='bbox 553 1769 742 1810; x_wconf 86' lang='lat' dir='ltr'>Gennadio,</span> <span class='ocrx_word' id='word_1_190' title='bbox 772 1769 936 1809; x_wconf 87' lang='lat' dir='ltr'>Honorio,</span> <span class='ocrx_word' id='word_1_191' title='bbox 964 1768 1099 1804; x_wconf 86' lang='lat' dir='ltr'>Joanne</span> <span class='ocrx_word' id='word_1_192' title='bbox 1129 1769 1332 1816; x_wconf 85' lang='lat' dir='ltr'>Capgravio,</span> <span class='ocrx_word' id='word_1_193' title='bbox 1361 1775 1395 1804; x_wconf 90' lang='lat' dir='ltr'>et</span> <span class='ocrx_word' id='word_1_194' title='bbox 1424 1769 1508 1809; x_wconf 86' lang='lat' dir='ltr'>aliis,</span> <span class='ocrx_word' id='word_1_195' title='bbox 1535 1771 1628 1805; x_wconf 82' lang='lat' dir='ltr'>colli-</span> 
     </span>
     <span class='ocr_line' id='line_1_24' title="bbox 211 1832 1628 1880; baseline -0.001 -11"><span class='ocrx_word' id='word_1_196' title='bbox 211 1846 292 1880; x_wconf 84' lang='lat' dir='ltr'>gere</span> <span class='ocrx_word' id='word_1_197' title='bbox 322 1833 377 1868; x_wconf 82' lang='lat' dir='ltr'>est.</span> <span class='ocrx_word' id='word_1_198' title='bbox 429 1833 491 1866; x_wconf 81' lang='lat' dir='ltr'>Vir</span> <span class='ocrx_word' id='word_1_199' title='bbox 518 1838 593 1867; x_wconf 87' lang='lat' dir='ltr'>erat</span> <span class='ocrx_word' id='word_1_200' title='bbox 621 1832 729 1867; x_wconf 87' lang='lat' dir='ltr'>felicis</span> <span class='ocrx_word' id='word_1_201' title='bbox 755 1832 894 1879; x_wconf 82' lang='lat' dir='ltr'>ingenii,</span> <span class='ocrx_word' id='word_1_202' title='bbox 924 1832 1099 1879; x_wconf 87' lang='lat' dir='ltr'>infigniter</span> <span class='ocrx_word' id='word_1_203' title='bbox 1128 1833 1293 1873; x_wconf 86' lang='lat' dir='ltr'>eruditus,</span> <span class='ocrx_word' id='word_1_204' title='bbox 1323 1839 1358 1869; x_wconf 89' lang='lat' dir='ltr'>et</span> <span class='ocrx_word' id='word_1_205' title='bbox 1392 1834 1457 1868; x_wconf 90' lang='lat' dir='ltr'>hoc</span> <span class='ocrx_word' id='word_1_206' title='bbox 1491 1834 1628 1869; x_wconf 86' lang='lat' dir='ltr'>nomine</span> 
     </span>
     <span class='ocr_line' id='line_1_25' title="bbox 212 1896 1627 1944; baseline 0.001 -12"><span class='ocrx_word' id='word_1_207' title='bbox 212 1899 256 1932; x_wconf 88' lang='lat' dir='ltr'>ab</span> <span class='ocrx_word' id='word_1_208' title='bbox 286 1897 429 1932; x_wconf 84' lang='lat' dir='ltr'>eruditis</span> <span class='ocrx_word' id='word_1_209' title='bbox 462 1896 544 1931; x_wconf 78' lang='lat' dir='ltr'>viris</span> <span class='ocrx_word' id='word_1_210' title='bbox 577 1896 752 1943; x_wconf 76' lang='lat' dir='ltr'>insigniter</span> <span class='ocrx_word' id='word_1_211' title='bbox 781 1897 998 1938; x_wconf 79' lang='lat' dir='ltr'>celebratus3</span> <span class='ocrx_word' id='word_1_212' title='bbox 1033 1897 1092 1943; x_wconf 93' lang='lat' dir='ltr'>qui</span> <span class='ocrx_word' id='word_1_213' title='bbox 1128 1909 1226 1932; x_wconf 88' lang='lat' dir='ltr'>rarae</span> <span class='ocrx_word' id='word_1_214' title='bbox 1259 1897 1399 1944; x_wconf 84' lang='lat' dir='ltr'>pietatis</span> <span class='ocrx_word' id='word_1_215' title='bbox 1425 1898 1627 1937; x_wconf 80' lang='lat' dir='ltr'>adolescens,</span> 
     </span>
     <span class='ocr_line' id='line_1_26' title="bbox 213 1960 1629 2008; baseline 0.001 -13"><span class='ocrx_word' id='word_1_216' title='bbox 213 1961 411 1997; x_wconf 86' lang='lat' dir='ltr'>liberalibus</span> <span class='ocrx_word' id='word_1_217' title='bbox 437 1960 630 2007; x_wconf 84' lang='lat' dir='ltr'>disciplinis,</span> <span class='ocrx_word' id='word_1_218' title='bbox 662 1966 697 1996; x_wconf 89' lang='lat' dir='ltr'>et</span> <span class='ocrx_word' id='word_1_219' title='bbox 726 1961 870 1997; x_wconf 84' lang='lat' dir='ltr'>caeteris</span> <span class='ocrx_word' id='word_1_220' title='bbox 899 1960 1040 2002; x_wconf 77' lang='lat' dir='ltr'>artibus,</span> <span class='ocrx_word' id='word_1_221' title='bbox 1067 1973 1155 2008; x_wconf 88' lang='lat' dir='ltr'>quae</span> <span class='ocrx_word' id='word_1_222' title='bbox 1182 1961 1371 2008; x_wconf 89' lang='lat' dir='ltr'>ingenuum</span> <span class='ocrx_word' id='word_1_223' title='bbox 1401 1962 1532 2002; x_wconf 89' lang='lat' dir='ltr'>decent,</span> <span class='ocrx_word' id='word_1_224' title='bbox 1556 1962 1629 1997; x_wconf 87' lang='lat' dir='ltr'>feli-</span> 
     </span>
    </p>
   </div>
   <div class='ocr_carea' id='block_1_5' title="bbox 154 2024 1628 2072">
    <p class='ocr_par' dir='ltr' id='par_1_6' title="bbox 154 2024 1628 2072">
     <span class='ocr_line' id='line_1_27' title="bbox 154 2024 1628 2072; baseline 0.001 -14"><span class='ocrx_word' id='word_1_225' title='bbox 154 2032 160 2037; x_wconf 91' lang='grc'><em>·</em></span> <span class='ocrx_word' id='word_1_226' title='bbox 213 2024 298 2059; x_wconf 85' lang='lat' dir='ltr'>citer</span> <span class='ocrx_word' id='word_1_227' title='bbox 327 2025 520 2064; x_wconf 51' lang='lat' dir='ltr'>instruens,</span> <span class='ocrx_word' id='word_1_228' title='bbox 547 2024 583 2058; x_wconf 89' lang='lat' dir='ltr'>in</span> <span class='ocrx_word' id='word_1_229' title='bbox 609 2024 810 2071; x_wconf 84' lang='lat' dir='ltr'>theologicis</span> <span class='ocrx_word' id='word_1_230' title='bbox 838 2025 887 2059; x_wconf 87' lang='lat' dir='ltr'>ita</span> <span class='ocrx_word' id='word_1_231' title='bbox 919 2025 1072 2071; x_wconf 84' lang='lat' dir='ltr'>profecit,</span> <span class='ocrx_word' id='word_1_232' title='bbox 1103 2031 1142 2060; x_wconf 87' lang='lat' dir='ltr'>ut</span> <span class='ocrx_word' id='word_1_233' title='bbox 1176 2026 1304 2072; x_wconf 92' lang='lat' dir='ltr'>populo</span> <span class='ocrx_word' id='word_1_234' title='bbox 1330 2031 1366 2061; x_wconf 89' lang='lat' dir='ltr'>et</span> <span class='ocrx_word' id='word_1_235' title='bbox 1399 2026 1491 2061; x_wconf 85' lang='lat' dir='ltr'>clero</span> <span class='ocrx_word' id='word_1_236' title='bbox 1522 2038 1628 2061; x_wconf 86' lang='lat' dir='ltr'>carus.</span> 
     </span>
    </p>
   </div>
   <div class='ocr_carea' id='block_1_6' title="bbox 213 2087 1631 2264">
    <p class='ocr_par' dir='ltr' id='par_1_7' title="bbox 213 2087 1631 2264">
     <span class='ocr_line' id='line_1_28' title="bbox 213 2087 1631 2136; baseline 0.002 -14"><span class='ocrx_word' id='word_1_237' title='bbox 213 2088 324 2123; x_wconf 68' lang='lat' dir='ltr'>doctis</span> <span class='ocrx_word' id='word_1_238' title='bbox 350 2087 431 2122; x_wconf 78' lang='lat' dir='ltr'>viris</span> <span class='ocrx_word' id='word_1_239' title='bbox 454 2087 640 2134; x_wconf 86' lang='lat' dir='ltr'>plurimum</span> <span class='ocrx_word' id='word_1_240' title='bbox 670 2087 826 2127; x_wconf 61' lang='lat' dir='ltr'>dilectus,</span> <span class='ocrx_word' id='word_1_241' title='bbox 857 2089 1075 2135; x_wconf 82' lang='lat' dir='ltr'>magnatibus</span> <span class='ocrx_word' id='word_1_242' title='bbox 1101 2095 1136 2124; x_wconf 83' lang='lat' dir='ltr'>et</span> <span class='ocrx_word' id='word_1_243' title='bbox 1158 2089 1370 2136; x_wconf 87' lang='lat' dir='ltr'>principibus</span> <span class='ocrx_word' id='word_1_244' title='bbox 1397 2090 1484 2124; x_wconf 88' lang='lat' dir='ltr'>mire</span> <span class='ocrx_word' id='word_1_245' title='bbox 1512 2096 1631 2136; x_wconf 84' lang='lat' dir='ltr'>gratus</span> 
     </span>
     <span class='ocr_line' id='line_1_29' title="bbox 213 2151 1630 2200; baseline 0.002 -15"><span class='ocrx_word' id='word_1_246' title='bbox 213 2157 248 2186; x_wconf 80' lang='lat' dir='ltr'>et</span> <span class='ocrx_word' id='word_1_247' title='bbox 283 2158 442 2198; x_wconf 82' lang='lat' dir='ltr'>acceptus</span> <span class='ocrx_word' id='word_1_248' title='bbox 485 2151 616 2186; x_wconf 86' lang='lat' dir='ltr'>fuerit:</span> <span class='ocrx_word' id='word_1_249' title='bbox 650 2157 830 2198; x_wconf 89' lang='lat' dir='ltr'>praeterea</span> <span class='ocrx_word' id='word_1_250' title='bbox 862 2152 911 2187; x_wconf 89' lang='lat' dir='ltr'>ita</span> <span class='ocrx_word' id='word_1_251' title='bbox 949 2152 1159 2199; x_wconf 85' lang='lat' dir='ltr'>theologiam</span> <span class='ocrx_word' id='word_1_252' title='bbox 1192 2153 1307 2193; x_wconf 85' lang='lat' dir='ltr'>coluit,</span> <span class='ocrx_word' id='word_1_253' title='bbox 1342 2158 1382 2187; x_wconf 87' lang='lat' dir='ltr'>ut</span> <span class='ocrx_word' id='word_1_254' title='bbox 1416 2153 1630 2200; x_wconf 86' lang='lat' dir='ltr'>astrologiam</span> 
     </span>
     <span class='ocr_line' id='line_1_30' title="bbox 214 2215 1631 2264; baseline 0.001 -15"><span class='ocrx_word' id='word_1_255' title='bbox 214 2227 281 2249; x_wconf 88' lang='lat' dir='ltr'>non</span> <span class='ocrx_word' id='word_1_256' title='bbox 310 2215 531 2262; x_wconf 62' lang='lat' dir='ltr'>xitupmaret,</span> <span class='ocrx_word' id='word_1_257' title='bbox 560 2215 629 2250; x_wconf 90' lang='lat' dir='ltr'>imo</span> <span class='ocrx_word' id='word_1_258' title='bbox 656 2216 788 2250; x_wconf 84' lang='lat' dir='ltr'>summo</span> <span class='ocrx_word' id='word_1_259' title='bbox 813 2215 922 2252; x_wconf 86' lang='lat' dir='ltr'>studio</span> <span class='ocrx_word' id='word_1_260' title='bbox 953 2216 988 2251; x_wconf 91' lang='lat' dir='ltr'>in</span> <span class='ocrx_word' id='word_1_261' title='bbox 1020 2228 1061 2252; x_wconf 86' lang='lat' dir='ltr'>ea</span> <span class='ocrx_word' id='word_1_262' title='bbox 1090 2216 1231 2253; x_wconf 81' lang='lat' dir='ltr'>seientia</span> <span class='ocrx_word' id='word_1_263' title='bbox 1256 2216 1468 2264; x_wconf 85' lang='lat' dir='ltr'>progreffum</span> <span class='ocrx_word' id='word_1_264' title='bbox 1494 2217 1631 2253; x_wconf 79' lang='lat' dir='ltr'>faceret.</span> 
     </span>
    </p>
   </div>
   <div class='ocr_carea' id='block_1_7' title="bbox 1460 2292 1484 2316">
    <p class='ocr_par' dir='ltr' id='par_1_8' title="bbox 1460 2292 1484 2316">
     <span class='ocr_line' id='line_1_31' title="bbox 1460 2292 1484 2316; baseline 0 0"><span class='ocrx_word' id='word_1_265' title='bbox 1460 2292 1484 2316; x_wconf 91' lang='lat' dir='ltr'>G</span> 
     </span>
    </p>
   </div>
  </div>
 </body>
</html>
