1913 2692
603 205 664 234 DE
700 202 1033 233 SCRIPTORIBUS
1068 201 1231 232 SCOTIS.
1577 200 1613 230 61

210 297 331 343 inquit,
350 296 505 330 “author
527 295 654 340 ubique
676 294 760 340 pius,
788 293 914 339 ubique
939 292 1070 330 doctus,
1089 291 1290 331 succinctus,
1309 295 1474 329 maturus,
1498 290 1620 335 gravis,

209 365 244 394 et
271 365 351 394 ante
378 359 504 393 multos
533 358 617 392 alios
647 356 828 403 praecipue
863 355 986 402 dignus
1015 356 1074 402 qui
1104 356 1139 390 in
1166 355 1324 389 manibus
1354 354 1533 387 hominum
1563 353 1622 387 lia-

209 425 358 463 beatur‚”
385 427 449 456 etc.
500 422 554 456 Ita
579 421 762 467 diligenter
785 420 819 454 in
844 419 954 454 omnis
978 419 1114 466 generis
1143 418 1343 453 auctoribus
1370 416 1521 451 versatus
1547 416 1621 452 fuit.

210 493 248 521 ut
274 486 323 521 sui
347 485 451 520 seculi
476 485 561 520 nulli
586 485 752 519 secundus
778 485 989 518 haberetur:
1022 489 1094 518 tam
1120 483 1272 517 Graecae
1299 493 1402 527 quam
1431 479 1621 514 Hebraicae

210 550 346 596 linguae
388 561 528 595 operam
571 548 675 588 dedit,
708 546 841 582 accessit
877 547 911 581 in
945 547 1085 582 mathesi
1121 546 1245 593 peritia
1280 558 1368 592 pene
1404 543 1622 580 incredibilis,

209 613 265 647 sed
298 612 423 659 absque
456 612 700 647 necromantia.
769 612 919 646 Vocatus
958 617 1074 646 auten]
1112 611 1252 644 domum
1286 610 1329 644 ab
1364 608 1494 643 Acliaio
1529 619 1619 653 rege,

208 676 404 711 humaniter
434 682 469 711 et
498 677 606 711 amice
636 677 679 711 ab
707 675 777 722 ipso
804 676 850 710 est
880 674 1060 721 susceptus,
1092 679 1126 708 et
1155 674 1247 708 haud
1276 673 1386 707 multo
1416 672 1487 718 pol‘c
1518 671 1622 705 inter-

203 741 298 786 jeao
324 744 488 786 tempore,
515 746 553 774 ut
576 740 742 774 testantur
768 739 885 773 Herm.
914 738 1135 776 Kirchnerus‚
1162 737 1219 771 lib.
1251 736 1284 770 ii.
1311 736 1353 770 de
1378 736 1464 769 Jure
1490 734 1619 780 Legati„

210 803 414 849 Rudolphus
434 804 631 843 Boteraeus,
651 803 778 837 Paulus
801 802 944 841 Merula,
969 806 1003 835 et
1027 800 1095 847 ipse
1117 800 1307 846 Polydorus
1325 799 1498 844 Virgilius,
1515 798 1621 832 Joan-

208 879 268 902 nes
294 867 500 906 Gualterius,
527 872 562 901 et
587 867 654 906 alii,
681 867 724 900 ab
754 866 874 900 eodem
905 864 1035 899 Achaio
1063 863 1246 898 Scotorum
1276 875 1357 909 rege
1387 863 1430 897 ad
1458 862 1620 897 Carolum

208 930 373 977 Magnum
402 930 569 965 Alcuinus
595 930 650 964 hic
677 942 755 964 cum
784 929 895 964 tribus
923 927 998 963 aliis
1026 927 1132 966 sociis,
1161 926 1393 961 conterraneis
1419 925 1494 965 suis,
1522 925 1620 959 nimi-

208 1005 284 1028 rum
318 993 462 1028 Claudio
504 993 705 1033 Clemente‚‘
729 993 863 1027 Joanne
900 990 1079 1031 Massrofio,
1114 996 1149 1025 et
1183 990 1328 1025 Rabano
1370 990 1503 1029 Mauro,
1540 1000 1618 1023 cum

208 1057 380 1093 Gulielmo
414 1057 518 1092 etiam
558 1057 647 1103 regis
680 1057 795 1095 fratre,
834 1057 967 1102 legatus
1004 1055 1217 1094 mittebatur,
1256 1066 1319 1100 pro
1359 1058 1526 1099 perpetuo
1560 1052 1619 1086 illo

207 1124 297 1158 inter
325 1122 444 1157 Scotos
471 1127 506 1156 et
534 1121 650 1155 Gallos
675 1121 842 1155 firmando
869 1120 1005 1154 foedere
1032 1118 1192 1153 adversus
1219 1118 1350 1164 Anglos
1376 1117 1618 1151 celeberrimos

207 1188 325 1227 hostes,
354 1191 388 1220 et
418 1185 502 1220 alias
529 1185 680 1220 exoticas
712 1190 841 1231 gentes,
873 1185 964 1230 quod
997 1184 1032 1218 in
1066 1183 1272 1217 hodiernum
1305 1182 1410 1228 usque
1445 1181 1535 1216 diem
1569 1181 1620 1214 in-

207 1250 372 1285 violatum
401 1254 588 1295 permanet.
645 1248 711 1283 Hic
743 1248 909 1282 Alcuinus
939 1248 1101 1282 Carolum
1128 1247 1264 1281 induxit
1291 1252 1330 1281 ut
1360 1245 1494 1280 Parifiis
1525 1257 1620 1291 gym-

207 1313 335 1349 nafium
360 1313 535 1359 publicum
561 1313 731 1346 fundaret.
783 1312 824 1345 In
851 1311 1023 1346 Parifienfi
1054 1311 1159 1357 igitur
1185 1310 1371 1345 Academia
1397 1309 1499 1356 primi
1523 1320 1620 1355 prae-

207 1383 363 1424 ceptores
392 1376 485 1411 Scoti
515 1376 715 1416 extiterunt,
747 1380 785 1410 ut
819 1388 937 1410 omnes
970 1374 1127 1415 historici,
1158 1374 1250 1409 Galli
1284 1379 1318 1408 et
1353 1374 1456 1414 Scoti,
1491 1378 1526 1407 et
1561 1373 1619 1418 qui

207 1443 249 1476 de
276 1440 482 1475 Academiae
509 1438 700 1474 Parifienfis
732 1439 942 1479 fundatione,
973 1439 1040 1474 fine
1069 1439 1141 1474 ulla
1179 1438 1389 1485 exceptione.
1446 1437 1618 1482 Rudolph.

207 1506 395 1541 Boteraeus
412 1505 447 1539 in
465 1504 603 1539 Lutetia
617 1517 623 1537 :

550 1607 586 1634 Et
600 1607 712 1634 tandem
728 1607 853 1643 egregius
867 1606 1012 1633 Scotorum
1026 1606 1137 1633 emersit
1149 1606 1184 1633 ab
1199 1606 1252 1633 oris

588 1661 734 1688 Alcuinus.

206 1756 369 1790 Rabanus
396 1760 431 1789 et
464 1754 639 1794 Alcuinus‚
674 1754 786 1799 inquit
820 1753 983 1794 Lessaeus,
1017 1753 1188 1800 legatione
1221 1754 1363 1799 peracta
1396 1753 1432 1786 in
1466 1753 1617 1787 Scotiam

206 1824 452 1859 revertuntur3
486 1819 520 1852 id
554 1819 646 1864 quod
679 1819 761 1852 dum
794 1819 946 1852 Joannes
979 1822 1014 1852 et
1044 1817 1202 1852 Clemens
1234 1816 1320 1851 serio
1354 1829 1491 1863 quoque
1525 1817 1616 1863 cogi-

205 1888 290 1923 tant,
324 1882 467 1917 Carolus
500 1882 646 1927 Magnus
679 1894 741 1916 rex
774 1881 932 1927 precibus
965 1881 1077 1916 effecit
1109 1886 1149 1916 ut
1178 1881 1213 1915 in
1242 1880 1389 1916 Francia
1422 1881 1615 1915 haererent.

206 1947 261 1982 Ad
290 1946 490 1986 academias,
521 1946 578 1979 ille
608 1945 759 1991 Papiam,
784 1945 840 1979 hic
863 1944 1083 1979 Parifiensem
1109 1946 1269 1991 (quarum
1297 1945 1522 1980 fundamenta
1547 1956 1616 1978 non

204 2012 253 2046 ita
285 2010 418 2056 pridem
452 2010 594 2044 Carolus
628 2010 774 2055 Magnus
800 2009 946 2055 jecerat)
980 2014 1019 2043 ut
1046 2009 1266 2055 juventutem
1299 2009 1347 2043 ibi
1380 2008 1488 2043 literis
1522 2007 1617 2042 disci-

205 2074 372 2121 plinisque
399 2074 601 2113 imbuerent,
631 2073 854 2119 ablegantur3
884 2072 974 2106 unde
1004 2072 1103 2107 facile
1125 2072 1241 2106 videre
1265 2072 1320 2111 est,
1350 2072 1441 2117 quod
1468 2072 1511 2105 ab
1541 2071 1616 2105 aliis

204 2138 322 2172 multis
350 2138 396 2172 est
424 2137 610 2171 memoriae
639 2135 824 2182 proditum,
855 2135 1017 2181 quicquid
1045 2136 1100 2170 vel
1129 2135 1298 2182 politioris
1328 2136 1527 2170 literaturae
1561 2136 1616 2170 vel

204 2201 369 2237 solidioris
398 2201 576 2236 doctrinae
606 2201 641 2235 in
671 2200 737 2234 illis
764 2199 947 2234 academiis
971 2199 1045 2245 jam
1074 2199 1197 2246 vigeat,
1230 2211 1273 2233 ex
1307 2198 1418 2235 Scotis
1451 2204 1616 2245 tanquam

204 2277 247 2300 ex
273 2265 424 2300 fontibus
451 2263 627 2300 emanaffe.
679 2265 719 2298 In
752 2269 850 2298 tanta
878 2263 1111 2299 familiaritate
1140 2263 1232 2309 apud
1262 2263 1424 2298 Carolum
1452 2263 1617 2309 Magnum
