1913 2692
574 259 635 288 DE
674 255 1007 287 SCRIPTORIBUS
1045 255 1208 286 SCOTIS.
1577 257 1617 287 19

740 426 803 460 DE
829 426 1062 461 DONALDO.

200 540 410 578 DONALDUS,
441 538 495 573 vel
522 537 721 577 Rollandus‚
753 538 884 578 Scotus,
911 544 1012 573 natus
1042 539 1077 573 in
1111 538 1281 585 Kentyria
1308 550 1413 584 prope
1444 537 1614 590 Eebrides

199 602 337 642 Insulas,
365 602 399 636 in
424 603 608 649 juventute
639 602 673 636 in
706 602 892 637 Academia
926 601 1123 649 Glasguenfi
1154 603 1190 636 in
1217 602 1326 636 literis
1355 601 1614 636 humanioribus

200 672 233 701 et
268 666 507 713 philosophicis
546 666 666 701 studiis
702 667 874 705 educatus,
909 667 1023 713 postea
1060 667 1096 701 in
1132 666 1335 701 Hiberniam
1369 665 1614 705 transfretant,

200 731 257 765 ubi
287 731 330 765 ad
359 737 496 777 tempus
530 729 653 765 manfit
687 736 721 765 et
766 732 945 778 presbyter
979 731 1025 765 est
1058 731 1202 771 faetus;
1248 730 1389 765 tandem
1424 731 1460 764 in
1491 729 1615 764 Fland-

201 795 285 829 riam
305 795 347 829 ad
366 794 588 828 Academiam
606 794 828 835 Duaeensem,
846 795 905 829 ubi
923 795 1058 834 studuit,
1078 799 1113 829 et
1131 793 1261 840 scripsit

347 858 529 892 Historiam
548 858 678 892 Mariae
697 857 860 903 Reginae.

347 923 398 956 De
417 922 518 957 variis
536 922 811 968 Antiquitatibus
829 921 1021 956 Insularum
1041 921 1282 956 Hebridarum.

204 986 335 1020 Claruit
365 998 455 1020 anno
484 986 602 1020 salutis
634 997 697 1032 per
731 985 902 1020 Christum
932 991 1052 1031 partae
1084 987 1186 1026 1568,
1219 984 1396 1020 eeclefiam
1426 985 1550 1020 Christi
1582 985 1617 1020 in

204 1050 319 1084 Scotia
336 1050 562 1096 persequente
580 1049 692 1084 Maria
709 1050 854 1096 Regina.

646 1193 708 1227 DE
734 1193 900 1228 THOMA
927 1193 1180 1229 MORISONO.

207 1306 362 1340 Tnoms
391 1305 608 1340 MomsoNUs
639 1305 771 1345 smus,
798 1305 952 1340 medicus
975 1305 1234 1346 Aberdonenfis,
1262 1307 1298 1341 in
1331 1306 1445 1342 schola
1472 1306 1621 1353 ejusdem

207 1369 354 1404 civitatis
389 1370 432 1404 ab
468 1369 539 1415 ipsa
576 1368 725 1415 pueritia
758 1369 793 1402 in
832 1369 930 1404 bonis
968 1369 1077 1405 literis
1110 1371 1284 1407 educatus.
1320 1371 1434 1417 postea
1472 1371 1508 1405 in
1547 1382 1622 1405 aca-

208 1434 320 1469 demia
355 1433 513 1480 ejusdem,
542 1433 697 1468 confecto
730 1433 963 1480 philosophiae
994 1434 1175 1475 curriculo,
1207 1435 1325 1469 laurea
1355 1435 1527 1474 donatus;
1565 1434 1622 1469 de—

209 1499 287 1534 inde
330 1499 366 1533 in
408 1498 556 1533 Galliam
599 1503 633 1532 et
676 1498 897 1532 Germaniam
937 1498 983 1533 est
1024 1498 1273 1545 peregrinatus,
1312 1499 1371 1533 ubi
1410 1511 1472 1545 per
1507 1510 1625 1533 omnes

209 1562 386 1597 doctrinae
407 1562 534 1608 gradus
556 1561 673 1600 crevit,
697 1561 783 1595 adeo
809 1566 848 1595 ut
871 1561 906 1595 in
933 1562 1104 1597 medicina
1128 1562 1322 1609 supremam
1355 1563 1555 1598 conieeutus
1585 1562 1624 1597 fit

209 1627 370 1661 lauream.
432 1625 585 1660 Tandem
613 1625 649 1659 iu
679 1624 827 1670 patriam
856 1625 1019 1666 reversus,
1048 1625 1184 1673 infignis
1214 1627 1286 1673 ejus
1320 1627 1522 1662 eruditionis
1557 1639 1625 1661 non

213 1692 286 1726 leve
303 1690 533 1725 testimonium
551 1689 740 1736 posteritati
758 1690 907 1736 reliquit.

355 1754 408 1789 De
436 1753 576 1800 Origine
605 1754 766 1799 Papam,
790 1753 855 1789 five
880 1754 921 1788 de
945 1754 1086 1801 Origine
1114 1760 1149 1790 et
1173 1756 1392 1791 Incremento
1418 1756 1624 1802 depravatae

405 1818 604 1864 Religionis,
622 1818 814 1865 Edinburgi
832 1818 982 1853 excusus.

358 1882 411 1916 De
429 1882 649 1916 Metallorum
667 1881 782 1917 Caufis
799 1888 834 1917 et
851 1883 1231 1919 Transformationibus.

213 1945 346 1981 Claruit
384 1958 474 1980 a1mo
508 1946 754 1992 redemptionis
786 1947 958 1983 humanae
987 1950 1091 1988 1601,
1127 1948 1209 1982 dum
1251 1948 1407 1995 regimen
1449 1949 1626 1985 inchoaret

213 2011 363 2045 Jacobus
381 2010 454 2056 ejus
471 2010 618 2045 nominis
635 2010 758 2045 sextus.

681 2154 744 2188 DE
769 2154 792 2188 J
795 2154 950 2189 ACOBO
976 2154 1170 2189 ΒΕΤΟΝΟ.

214 2268 378 2303 JACOBUS
412 2267 595 2306 Bmoxus,
634 2264 919 2312 Archiepiscopus
954 2265 1175 2313 Glasguenfis‚
1205 2279 1248 2302 ex
1276 2268 1382 2303 nobili
1417 2269 1629 2305 Betonorum

214 2332 343 2367 familia
371 2332 406 2366 in
433 2331 509 2366 Fifa
536 2330 710 2370 oriundus,
737 2334 812 2364 erat
837 2330 950 2376 primo
982 2331 1187 2367 Andreanae
1218 2332 1425 2368 Academiae
1453 2333 1631 2375 altmanus:
