1996 2785
400 678 661 731 LECTORI,
700 677 748 721 SI
781 676 913 729 QUIS
944 674 1093 728 ERIT,
1131 673 1411 718 SALUTEM.

208 862 258 899 IN
294 867 407 900 tanta
440 862 610 914 penuria
641 860 903 911 antiquorum
934 859 985 896 de
1024 871 1066 896 re
1101 857 1298 895 litteraria
1333 862 1469 893 nostra
1498 854 1618 905 scrip-

206 935 351 974 torum,
382 928 493 966 haud
522 934 674 966 temere
701 926 944 978 rejiciendus
974 931 1035 963 est
1065 924 1197 962 David
1228 922 1511 967 Buchananus,
1538 921 1619 958 sive

207 995 389 1046 quisquis
419 995 544 1033 fuerit
563 994 634 1045 qui
655 993 777 1031 libros
807 992 925 1031 hosce
946 993 1048 1030 duos
1079 991 1193 1029 nobis
1214 989 1392 1041 reliquit.
1451 988 1618 1026 Etenim

205 1062 255 1100 de
293 1068 456 1100 auctore
495 1075 577 1099 non
617 1061 712 1099 satis
750 1065 933 1104 constat3
983 1072 1128 1110 nempe
1167 1056 1422 1095 doctissimus
1464 1055 1618 1092 Ruddi-

203 1143 386 1175 mannus,
418 1130 524 1168 inter
557 1129 733 1166 virorum
773 1127 985 1165 doctorum
1020 1126 1070 1163 de
1105 1124 1262 1163 Gavino
1292 1122 1516 1174 Duglassio,
1550 1136 1619 1160 an-

203 1197 331 1235 tistite
370 1196 665 1241 Dunkeldensi,
714 1194 956 1240 testimonia,
1004 1192 1102 1231 haec
1149 1191 1365 1230 memoriae
1412 1189 1618 1242 prodidit:

204 1270 223 1286 ‘⁴
243 1264 306 1301 De
334 1263 450 1302 claris
479 1264 605 1303 Scotis
626 1263 711 1301 MS.
743 1262 934 1313 anonymi
955 1260 1074 1306 Secti,
1104 1273 1155 1297 an
1179 1258 1347 1297 Davidis
1378 1257 1616 1296 Buchanani

203 1345 253 1368 an
289 1330 523 1369 Archibaldi
558 1331 726 1375 Simson,
761 1329 997 1367 incertum.’'
1066 1327 1179 1365 Haec
1213 1325 1432 1372 ille‚-anno
1466 1323 1618 1363 scilicet

208 1400 332 1441 1710;
374 1398 443 1436 sed
482 1397 665 1448 quinque
703 1402 794 1448 post
831 1409 968 1441 annos,
1007 1408 1136 1445 quum
1174 1393 1338 1444 Georgii
1377 1391 1634 1430 Buchanani¹

203 1478 323 1516 opera
361 1465 403 1503 in
438 1464 570 1503 lucem
610 1464 757 1509 ederet,
795 1464 846 1501 de
880 1462 1051 1514 pristina
1089 1460 1292 1499 sententia
1330 1458 1449 1511 plane
1483 1459 1617 1497 deces-

202 1539 317 1570 serat.
374 1532 492 1569 Tunc
522 1531 630 1569 enim
651 1530 737 1568 sine
758 1529 842 1568 ulla
867 1528 1122 1567 dubitatione
1143 1532 1348 1565 auctorem
1368 1526 1615 1577 designavit:

203 1604 222 1621 ‘⁶
251 1598 384 1637 David
424 1598 697 1637 Buchananus
737 1598 787 1635 de
816 1597 932 1636 claris
972 1595 1168 1634 Doctrina
1206 1594 1343 1639 Scotis‚
1376 1593 1459 1631 MS.
1494 1607 1615 1644 penes

202 1666 250 1704 D.
286 1666 513 1705 Robertum
543 1664 880 1711 Sibbaldum‚'M.
917 1664 966 1702 D.
1002 1663 1198 1714 Equitem
1229 1661 1466 1699 Auratum.”
1536 1660 1615 1698 Hic

203 1734 338 1780 codex,
368 1733 483 1772 nobis
512 1732 614 1772 liber
634 1732 747 1779 alter,
776 1732 817 1770 in
839 1732 1137 1770 Advocatorum
1159 1728 1412 1767 Bibliotheca
1434 1734 1614 1766 servatus

204 1808 274 1846 est,
303 1814 394 1839 cum
424 1801 499 1839 hac
528 1800 800 1852 inscriptione,
827 1812 961 1844 manu,
992 1798 1052 1836 uti
1083 1797 1254 1842 videtur,
1274 1795 1459 1834 Gualteri
1480 1796 1614 1833 Good-

203 1867 298 1913 allii,
345 1867 417 1906 viri
457 1868 499 1905 in
537 1866 813 1906 monumentis
862 1872 1022 1903 nostrae
1068 1864 1201 1915 gentis
1240 1863 1311 1901 diu
1354 1862 1614 1913 multumque

201 1936 372 1974 versati:
418 1940 437 1957 “
456 1935 611 1973 Auctor
644 1934 767 1986 hujus
801 1932 928 1972 libelli
960 1933 1010 1970 de
1043 1930 1312 1983 Scriptoribus
1345 1930 1472 1968 Scotis
1504 1928 1615 1967 illus-

203 2003 332 2041 tribus
353 2008 413 2041 est
433 2002 566 2040 David
587 2001 895 2040 Buchananus’'
953 1999 1092 2038 Codex
1112 1998 1278 2050 primus,
1307 2011 1328 2035 e
1359 1995 1612 2035 Bibliotheca

202 2070 451 2115 Academica,
498 2069 602 2107 hanc
650 2068 953 2120 inscriptionem
1001 2071 1233 2105 renovatam
1281 2078 1376 2116 prae
1423 2078 1464 2102 se
1511 2064 1612 2102 fert:

203 2143 221 2158 ⁸⁶
251 2136 329 2175 Mr.
360 2136 492 2175 David
521 2135 755 2174 Buchanan.
788 2134 837 2173 V.
866 2135 907 2172 P.
943 2133 1054 2172 auth.
1085 2132 1152 2170 lib.
1184 2133 1235 2170 de
1265 2132 1365 2170 Ana.
1399 2136 1459 2169 est
1489 2130 1612 2182 hujus

201 2203 286 2241 MS.
327 2202 507 2241 author.”
576 2202 686 2245 Quid
726 2202 798 2239 sibi
839 2201 936 2240 velit
974 2200 1022 2238 V.
1054 2199 1096 2237 P.
1136 2200 1212 2237 nisi
1252 2199 1355 2237 forte
1402 2198 1454 2236 sit
1500 2198 1612 2237 Verbi

202 2272 358 2315 Praec0‚
387 2270 498 2308 haud
527 2269 643 2308 facile
673 2269 868 2312 dixerim;
909 2281 990 2306 non
1020 2266 1185 2305 aliunde
1220 2273 1354 2305 tamen
1385 2265 1613 2304 audivimus
