<?xml version="1.0" encoding="UTF-8"?>
<!DOCTYPE html PUBLIC "-//W3C//DTD XHTML 1.0 Transitional//EN"
    "http://www.w3.org/TR/xhtml1/DTD/xhtml1-transitional.dtd">
<html xmlns="http://www.w3.org/1999/xhtml" xml:lang="en" lang="en">
 <head>
  <title>
</title>
<meta http-equiv="Content-Type" content="text/html;charset=utf-8" />
  <meta name='ocr-system' content='tesseract 3.04.00' />
  <meta name='ocr-capabilities' content='ocr_page ocr_carea ocr_par ocr_line ocrx_word'/>
</head>
<body>
  <div class='ocr_page' id='page_1' title='image "./davidisbuchanani00bann_0075.png"; bbox 0 0 1913 2692; ppageno 0'>
   <div class='ocr_carea' id='block_1_1' title="bbox 625 200 1639 233">
    <p class='ocr_par' dir='ltr' id='par_1_1' title="bbox 625 200 1639 233">
     <span class='ocr_line' id='line_1_1' title="bbox 625 200 1639 233; baseline 0.003 -3"><span class='ocrx_word' id='word_1_1' title='bbox 625 201 687 230; x_wconf 78' lang='lat' dir='ltr'>DE</span> <span class='ocrx_word' id='word_1_2' title='bbox 712 200 1045 231; x_wconf 83' lang='lat' dir='ltr'>SCRIPTORIBUS</span> <span class='ocrx_word' id='word_1_3' title='bbox 1070 200 1232 231; x_wconf 81' lang='lat' dir='ltr'>SCOTls.</span> <span class='ocrx_word' id='word_1_4' title='bbox 1599 207 1639 233; x_wconf 84' lang='lat'>53</span> 
     </span>
    </p>
   </div>
   <div class='ocr_carea' id='block_1_2' title="bbox 221 290 1655 1616">
    <p class='ocr_par' dir='ltr' id='par_1_2' title="bbox 222 290 1655 1361">
     <span class='ocr_line' id='line_1_2' title="bbox 234 290 1655 337; baseline 0.002 -13"><span class='ocrx_word' id='word_1_5' title='bbox 234 297 268 325; x_wconf 82' lang='lat' dir='ltr'>et</span> <span class='ocrx_word' id='word_1_6' title='bbox 293 291 496 337; x_wconf 82' lang='lat' dir='ltr'>gentilitatis</span> <span class='ocrx_word' id='word_1_7' title='bbox 523 291 685 326; x_wconf 82' lang='lat' dir='ltr'>servitute</span> <span class='ocrx_word' id='word_1_8' title='bbox 710 291 746 325; x_wconf 92' lang='lat' dir='ltr'>in</span> <span class='ocrx_word' id='word_1_9' title='bbox 770 290 937 337; x_wconf 86' lang='lat' dir='ltr'>evangelii</span> <span class='ocrx_word' id='word_1_10' title='bbox 962 290 1158 325; x_wconf 85' lang='lat' dir='ltr'>libertatem</span> <span class='ocrx_word' id='word_1_11' title='bbox 1187 290 1381 326; x_wconf 84' lang='lat' dir='ltr'>vindicavit.</span> <span class='ocrx_word' id='word_1_12' title='bbox 1450 293 1546 327; x_wconf 83' lang='lat' dir='ltr'>Inter</span> <span class='ocrx_word' id='word_1_13' title='bbox 1571 293 1655 327; x_wconf 86' lang='lat' dir='ltr'>haec</span> 
     </span>
     <span class='ocr_line' id='line_1_3' title="bbox 233 354 1652 401; baseline 0.001 -12"><span class='ocrx_word' id='word_1_14' title='bbox 233 360 389 400; x_wconf 86' lang='lat' dir='ltr'>tempora</span> <span class='ocrx_word' id='word_1_15' title='bbox 410 354 523 401; x_wconf 85' lang='lat' dir='ltr'>gravis</span> <span class='ocrx_word' id='word_1_16' title='bbox 549 359 625 388; x_wconf 87' lang='lat' dir='ltr'>orta</span> <span class='ocrx_word' id='word_1_17' title='bbox 648 354 694 389; x_wconf 88' lang='lat' dir='ltr'>est</span> <span class='ocrx_word' id='word_1_18' title='bbox 717 354 759 389; x_wconf 93' lang='lat' dir='ltr'>de</span> <span class='ocrx_word' id='word_1_19' title='bbox 782 354 931 389; x_wconf 81' lang='lat' dir='ltr'>Paschae</span> <span class='ocrx_word' id='word_1_20' title='bbox 954 354 1198 394; x_wconf 88' lang='lat' dir='ltr'>observatione,</span> <span class='ocrx_word' id='word_1_21' title='bbox 1225 366 1265 389; x_wconf 89' lang='lat' dir='ltr'>ac</span> <span class='ocrx_word' id='word_1_22' title='bbox 1288 355 1427 390; x_wconf 81' lang='lat' dir='ltr'>tonsura</span> <span class='ocrx_word' id='word_1_23' title='bbox 1450 356 1652 391; x_wconf 85' lang='lat' dir='ltr'>clericorum</span> 
     </span>
     <span class='ocr_line' id='line_1_4' title="bbox 232 417 1649 464; baseline 0 -11"><span class='ocrx_word' id='word_1_24' title='bbox 232 417 467 458; x_wconf 88' lang='lat' dir='ltr'>controverfia,</span> <span class='ocrx_word' id='word_1_25' title='bbox 498 418 534 452; x_wconf 88' lang='lat' dir='ltr'>in</span> <span class='ocrx_word' id='word_1_26' title='bbox 559 418 685 464; x_wconf 87' lang='lat' dir='ltr'>Anglia</span> <span class='ocrx_word' id='word_1_27' title='bbox 711 429 827 453; x_wconf 89' lang='lat' dir='ltr'>coram</span> <span class='ocrx_word' id='word_1_28' title='bbox 854 418 1065 464; x_wconf 89' lang='lat' dir='ltr'>principibus</span> <span class='ocrx_word' id='word_1_29' title='bbox 1091 423 1125 452; x_wconf 89' lang='lat' dir='ltr'>et</span> <span class='ocrx_word' id='word_1_30' title='bbox 1151 418 1252 452; x_wconf 87' lang='lat' dir='ltr'>clero.</span> <span class='ocrx_word' id='word_1_31' title='bbox 1305 418 1361 453; x_wconf 86' lang='lat' dir='ltr'>Sic</span> <span class='ocrx_word' id='word_1_32' title='bbox 1388 419 1492 459; x_wconf 82' lang='lat' dir='ltr'>Beda,</span> <span class='ocrx_word' id='word_1_33' title='bbox 1518 420 1575 454; x_wconf 89' lang='lat' dir='ltr'>lib.</span> <span class='ocrx_word' id='word_1_34' title='bbox 1604 420 1649 453; x_wconf 88' lang='lat' dir='ltr'>iii.</span> 
     </span>
     <span class='ocr_line' id='line_1_5' title="bbox 232 482 1649 530; baseline 0.001 -14"><span class='ocrx_word' id='word_1_35' title='bbox 232 494 303 528; x_wconf 84' lang='lat' dir='ltr'>cap.</span> <span class='ocrx_word' id='word_1_36' title='bbox 331 494 396 522; x_wconf 90' lang='lat' dir='ltr'>xv.‚</span> <span class='ocrx_word' id='word_1_37' title='bbox 424 482 483 528; x_wconf 89' lang='lat' dir='ltr'>qui</span> <span class='ocrx_word' id='word_1_38' title='bbox 512 487 588 517; x_wconf 86' lang='lat' dir='ltr'>tum</span> <span class='ocrx_word' id='word_1_39' title='bbox 616 482 786 528; x_wconf 83' lang='lat' dir='ltr'>prolixam</span> <span class='ocrx_word' id='word_1_40' title='bbox 816 482 989 528; x_wconf 86' lang='lat' dir='ltr'>subjunxit</span> <span class='ocrx_word' id='word_1_41' title='bbox 1019 482 1261 517; x_wconf 84' lang='lat' dir='ltr'>narrationem.</span> <span class='ocrx_word' id='word_1_42' title='bbox 1313 483 1368 522; x_wconf 85' lang='lat' dir='ltr'>Et,</span> <span class='ocrx_word' id='word_1_43' title='bbox 1394 489 1432 517; x_wconf 86' lang='lat' dir='ltr'>ut</span> <span class='ocrx_word' id='word_1_44' title='bbox 1456 484 1511 517; x_wconf 86' lang='lat' dir='ltr'>Jo.</span> <span class='ocrx_word' id='word_1_45' title='bbox 1539 484 1649 530; x_wconf 84' lang='lat' dir='ltr'>Major</span> 
     </span>
     <span class='ocr_line' id='line_1_6' title="bbox 230 546 1650 586; baseline 0.001 -6"><span class='ocrx_word' id='word_1_46' title='bbox 230 546 343 586; x_wconf 83' lang='lat' dir='ltr'>refert,</span> <span class='ocrx_word' id='word_1_47' title='bbox 366 546 575 581; x_wconf 89' lang='lat' dir='ltr'>Colmannus</span> <span class='ocrx_word' id='word_1_48' title='bbox 597 546 780 586; x_wconf 87' lang='lat' dir='ltr'>Aidanum,</span> <span class='ocrx_word' id='word_1_49' title='bbox 802 546 982 582; x_wconf 80' lang='lat' dir='ltr'>Finanum,</span> <span class='ocrx_word' id='word_1_50' title='bbox 1007 551 1042 580; x_wconf 88' lang='lat' dir='ltr'>et</span> <span class='ocrx_word' id='word_1_51' title='bbox 1068 546 1101 580; x_wconf 84' lang='lat' dir='ltr'>S.</span> <span class='ocrx_word' id='word_1_52' title='bbox 1125 546 1338 586; x_wconf 85' lang='lat' dir='ltr'>Columbam,</span> <span class='ocrx_word' id='word_1_53' title='bbox 1363 552 1398 581; x_wconf 87' lang='lat' dir='ltr'>et</span> <span class='ocrx_word' id='word_1_54' title='bbox 1423 547 1650 581; x_wconf 87' lang='lat' dir='ltr'>Anatholium</span> 
     </span>
     <span class='ocr_line' id='line_1_7' title="bbox 229 610 1650 657; baseline 0.001 -13"><span class='ocrx_word' id='word_1_55' title='bbox 229 623 291 656; x_wconf 91' lang='lat' dir='ltr'>pro</span> <span class='ocrx_word' id='word_1_56' title='bbox 321 610 354 645; x_wconf 91' lang='lat' dir='ltr'>se</span> <span class='ocrx_word' id='word_1_57' title='bbox 383 610 584 645; x_wconf 79' lang='lat' dir='ltr'>introduxit.</span> <span class='ocrx_word' id='word_1_58' title='bbox 648 611 677 645; x_wconf 86' lang='lat' dir='ltr'>E</span> <span class='ocrx_word' id='word_1_59' title='bbox 707 610 868 646; x_wconf 90' lang='lat' dir='ltr'>converso</span> <span class='ocrx_word' id='word_1_60' title='bbox 899 610 1043 645; x_wconf 87' lang='lat' dir='ltr'>instabat</span> <span class='ocrx_word' id='word_1_61' title='bbox 1077 610 1159 645; x_wconf 86' lang='lat' dir='ltr'>cleri</span> <span class='ocrx_word' id='word_1_62' title='bbox 1189 611 1298 656; x_wconf 87' lang='lat' dir='ltr'>major</span> <span class='ocrx_word' id='word_1_63' title='bbox 1327 623 1415 656; x_wconf 89' lang='lat' dir='ltr'>pars,</span> <span class='ocrx_word' id='word_1_64' title='bbox 1448 611 1538 645; x_wconf 89' lang='lat' dir='ltr'>inter</span> <span class='ocrx_word' id='word_1_65' title='bbox 1566 624 1650 657; x_wconf 85' lang='lat' dir='ltr'>quos</span> 
     </span>
     <span class='ocr_line' id='line_1_8' title="bbox 229 674 1651 721; baseline 0 -12"><span class='ocrx_word' id='word_1_66' title='bbox 229 675 432 721; x_wconf 87' lang='lat' dir='ltr'>praecipuus</span> <span class='ocrx_word' id='word_1_67' title='bbox 461 680 535 709; x_wconf 85' lang='lat' dir='ltr'>erat</span> <span class='ocrx_word' id='word_1_68' title='bbox 566 675 731 709; x_wconf 86' lang='lat' dir='ltr'>Ronanus</span> <span class='ocrx_word' id='word_1_69' title='bbox 757 675 904 714; x_wconf 85' lang='lat' dir='ltr'>nomine,</span> <span class='ocrx_word' id='word_1_70' title='bbox 936 674 1074 709; x_wconf 83' lang='lat' dir='ltr'>natione</span> <span class='ocrx_word' id='word_1_71' title='bbox 1105 674 1236 714; x_wconf 85' lang='lat' dir='ltr'>Scotus,</span> <span class='ocrx_word' id='word_1_72' title='bbox 1273 680 1312 709; x_wconf 91' lang='lat' dir='ltr'>nt</span> <span class='ocrx_word' id='word_1_73' title='bbox 1341 687 1420 708; x_wconf 89' lang='lat' dir='ltr'>xxv.</span> <span class='ocrx_word' id='word_1_74' title='bbox 1452 687 1524 721; x_wconf 88' lang='lat' dir='ltr'>cap.</span> <span class='ocrx_word' id='word_1_75' title='bbox 1556 675 1651 710; x_wconf 86' lang='lat' dir='ltr'>Beda</span> 
     </span>
     <span class='ocr_line' id='line_1_9' title="bbox 229 738 1647 785; baseline 0 -12"><span class='ocrx_word' id='word_1_76' title='bbox 229 738 351 779; x_wconf 80' lang='lat' dir='ltr'>afferit,</span> <span class='ocrx_word' id='word_1_77' title='bbox 380 739 415 773; x_wconf 91' lang='lat' dir='ltr'>in</span> <span class='ocrx_word' id='word_1_78' title='bbox 446 739 558 773; x_wconf 90' lang='lat' dir='ltr'>Gallia</span> <span class='ocrx_word' id='word_1_79' title='bbox 585 739 639 774; x_wconf 87' lang='lat' dir='ltr'>vel</span> <span class='ocrx_word' id='word_1_80' title='bbox 669 739 704 773; x_wconf 92' lang='lat' dir='ltr'>in</span> <span class='ocrx_word' id='word_1_81' title='bbox 734 739 835 773; x_wconf 89' lang='lat' dir='ltr'>Italia</span> <span class='ocrx_word' id='word_1_82' title='bbox 864 738 1032 773; x_wconf 66' lang='lat' dir='ltr'>edoc‘tus:</span> <span class='ocrx_word' id='word_1_83' title='bbox 1064 743 1099 773; x_wconf 88' lang='lat' dir='ltr'>et</span> <span class='ocrx_word' id='word_1_84' title='bbox 1128 738 1242 783; x_wconf 85' lang='lat' dir='ltr'>postea</span> <span class='ocrx_word' id='word_1_85' title='bbox 1270 738 1451 784; x_wconf 83' lang='lat' dir='ltr'>subjungit,</span> <span class='ocrx_word' id='word_1_86' title='bbox 1485 739 1647 785; x_wconf 88' lang='lat' dir='ltr'>quicquid</span> 
     </span>
     <span class='ocr_line' id='line_1_10' title="bbox 228 801 1647 849; baseline -0.001 -11"><span class='ocrx_word' id='word_1_87' title='bbox 228 809 345 838; x_wconf 86' lang='lat' dir='ltr'>tamen</span> <span class='ocrx_word' id='word_1_88' title='bbox 386 803 434 843; x_wconf 82' lang='lat' dir='ltr'>fit,</span> <span class='ocrx_word' id='word_1_89' title='bbox 474 803 613 849; x_wconf 83' lang='lat' dir='ltr'>quidam</span> <span class='ocrx_word' id='word_1_90' title='bbox 652 802 744 837; x_wconf 85' lang='lat' dir='ltr'>enim</span> <span class='ocrx_word' id='word_1_91' title='bbox 788 801 1015 848; x_wconf 88' lang='lat' dir='ltr'>pestilentiam</span> <span class='ocrx_word' id='word_1_92' title='bbox 1055 802 1223 840; x_wconf 83' lang='lat' dir='ltr'>obortam,</span> <span class='ocrx_word' id='word_1_93' title='bbox 1266 802 1324 836; x_wconf 89' lang='lat' dir='ltr'>alii</span> <span class='ocrx_word' id='word_1_94' title='bbox 1367 801 1533 837; x_wconf 69' lang='lat' dir='ltr'>victoriae</span> <span class='ocrx_word' id='word_1_95' title='bbox 1575 803 1647 848; x_wconf 90' lang='lat' dir='ltr'>pal-</span> 
     </span>
     <span class='ocr_line' id='line_1_11' title="bbox 228 865 1644 913; baseline -0.001 -11"><span class='ocrx_word' id='word_1_96' title='bbox 228 879 319 902; x_wconf 86' lang='lat' dir='ltr'>mam</span> <span class='ocrx_word' id='word_1_97' title='bbox 349 867 380 901; x_wconf 87' lang='lat' dir='ltr'>ei</span> <span class='ocrx_word' id='word_1_98' title='bbox 410 873 573 913; x_wconf 86' lang='lat' dir='ltr'>ereptam,</span> <span class='ocrx_word' id='word_1_99' title='bbox 603 866 738 901; x_wconf 89' lang='lat' dir='ltr'>causam</span> <span class='ocrx_word' id='word_1_100' title='bbox 772 865 962 900; x_wconf 88' lang='lat' dir='ltr'>insulfivam</span> <span class='ocrx_word' id='word_1_101' title='bbox 991 865 1187 900; x_wconf 84' lang='lat' dir='ltr'>revertendi</span> <span class='ocrx_word' id='word_1_102' title='bbox 1217 869 1360 910; x_wconf 89' lang='lat' dir='ltr'>ponunt,</span> <span class='ocrx_word' id='word_1_103' title='bbox 1390 866 1482 912; x_wconf 91' lang='lat' dir='ltr'>apud</span> <span class='ocrx_word' id='word_1_104' title='bbox 1512 866 1644 912; x_wconf 84' lang='lat' dir='ltr'>Anglos</span> 
     </span>
     <span class='ocr_line' id='line_1_12' title="bbox 227 928 1647 977; baseline -0.001 -12"><span class='ocrx_word' id='word_1_105' title='bbox 227 931 412 966; x_wconf 80' lang='lat' dir='ltr'>Colmanus</span> <span class='ocrx_word' id='word_1_106' title='bbox 444 931 634 977; x_wconf 82' lang='lat' dir='ltr'>longiorem</span> <span class='ocrx_word' id='word_1_107' title='bbox 667 942 799 965; x_wconf 90' lang='lat' dir='ltr'>moram</span> <span class='ocrx_word' id='word_1_108' title='bbox 829 930 967 964; x_wconf 89' lang='lat' dir='ltr'>trahere</span> <span class='ocrx_word' id='word_1_109' title='bbox 997 929 1134 968; x_wconf 85' lang='lat' dir='ltr'>noluit;</span> <span class='ocrx_word' id='word_1_110' title='bbox 1168 928 1400 974; x_wconf 81' lang='lat' dir='ltr'>praesulatum</span> <span class='ocrx_word' id='word_1_111' title='bbox 1433 934 1551 963; x_wconf 89' lang='lat' dir='ltr'>autem</span> <span class='ocrx_word' id='word_1_112' title='bbox 1588 931 1647 964; x_wconf 84' lang='lat' dir='ltr'>ab·</span> 
     </span>
     <span class='ocr_line' id='line_1_13' title="bbox 226 992 1644 1040; baseline -0.001 -11"><span class='ocrx_word' id='word_1_113' title='bbox 226 995 360 1035; x_wconf 85' lang='lat' dir='ltr'>dicavit,</span> <span class='ocrx_word' id='word_1_114' title='bbox 398 1000 433 1030; x_wconf 89' lang='lat' dir='ltr'>et</span> <span class='ocrx_word' id='word_1_115' title='bbox 467 994 502 1028; x_wconf 91' lang='lat' dir='ltr'>in</span> <span class='ocrx_word' id='word_1_116' title='bbox 535 994 682 1040; x_wconf 87' lang='lat' dir='ltr'>patriam</span> <span class='ocrx_word' id='word_1_117' title='bbox 716 993 869 1028; x_wconf 86' lang='lat' dir='ltr'>reversus</span> <span class='ocrx_word' id='word_1_118' title='bbox 908 993 963 1028; x_wconf 86' lang='lat' dir='ltr'>est.</span> <span class='ocrx_word' id='word_1_119' title='bbox 1039 993 1123 1027; x_wconf 87' lang='lat' dir='ltr'>Inde</span> <span class='ocrx_word' id='word_1_120' title='bbox 1161 993 1351 1027; x_wconf 84' lang='lat' dir='ltr'>concedens</span> <span class='ocrx_word' id='word_1_121' title='bbox 1390 992 1425 1027; x_wconf 90' lang='lat' dir='ltr'>in</span> <span class='ocrx_word' id='word_1_122' title='bbox 1466 992 1644 1032; x_wconf 87' lang='lat' dir='ltr'>Hebrides‚</span> 
     </span>
     <span class='ocr_line' id='line_1_14' title="bbox 226 1055 1646 1103; baseline -0.001 -11"><span class='ocrx_word' id='word_1_123' title='bbox 226 1058 465 1094; x_wconf 85' lang='lat' dir='ltr'>monasterium</span> <span class='ocrx_word' id='word_1_124' title='bbox 499 1058 661 1097; x_wconf 87' lang='lat' dir='ltr'>condidit,</span> <span class='ocrx_word' id='word_1_125' title='bbox 695 1062 731 1092; x_wconf 85' lang='lat' dir='ltr'>et</span> <span class='ocrx_word' id='word_1_126' title='bbox 764 1057 933 1103; x_wconf 89' lang='lat' dir='ltr'>reliquam</span> <span class='ocrx_word' id='word_1_127' title='bbox 967 1057 1051 1091; x_wconf 90' lang='lat' dir='ltr'>inibi</span> <span class='ocrx_word' id='word_1_128' title='bbox 1090 1068 1169 1090; x_wconf 89' lang='lat' dir='ltr'>cum</span> <span class='ocrx_word' id='word_1_129' title='bbox 1203 1055 1375 1102; x_wconf 85' lang='lat' dir='ltr'>discipulis</span> <span class='ocrx_word' id='word_1_130' title='bbox 1411 1055 1478 1091; x_wconf 76' lang='lat' dir='ltr'>suIS</span> <span class='ocrx_word' id='word_1_131' title='bbox 1511 1057 1646 1102; x_wconf 85' lang='lat' dir='ltr'>peregit</span> 
     </span>
     <span class='ocr_line' id='line_1_15' title="bbox 225 1114 1645 1169; baseline -0.001 -13"><span class='ocrx_word' id='word_1_132' title='bbox 225 1123 315 1158; x_wconf 84' lang='lat' dir='ltr'>vitae</span> <span class='ocrx_word' id='word_1_133' title='bbox 343 1122 546 1169; x_wconf 88' lang='lat' dir='ltr'>portionem.</span> <span class='ocrx_word' id='word_1_134' title='bbox 614 1121 713 1156; x_wconf 90' lang='lat' dir='ltr'>Alius</span> <span class='ocrx_word' id='word_1_135' title='bbox 742 1121 834 1156; x_wconf 86' lang='lat' dir='ltr'>enim</span> <span class='ocrx_word' id='word_1_136' title='bbox 864 1114 926 1155; x_wconf 75' lang='lat' dir='ltr'>hic&#39;</span> <span class='ocrx_word' id='word_1_137' title='bbox 947 1121 1002 1161; x_wconf 82' lang='lat' dir='ltr'>est,</span> <span class='ocrx_word' id='word_1_138' title='bbox 1034 1125 1069 1156; x_wconf 87' lang='lat' dir='ltr'>et</span> <span class='ocrx_word' id='word_1_139' title='bbox 1101 1125 1257 1166; x_wconf 87' lang='lat' dir='ltr'>tempore</span> <span class='ocrx_word' id='word_1_140' title='bbox 1286 1120 1390 1166; x_wconf 84' lang='lat' dir='ltr'>prior,</span> <span class='ocrx_word' id='word_1_141' title='bbox 1420 1119 1480 1155; x_wconf 89' lang='lat' dir='ltr'>illo</span> <span class='ocrx_word' id='word_1_142' title='bbox 1509 1121 1569 1166; x_wconf 87' lang='lat' dir='ltr'>qui</span> <span class='ocrx_word' id='word_1_143' title='bbox 1602 1122 1645 1155; x_wconf 90' lang='lat' dir='ltr'>ab</span> 
     </span>
     <span class='ocr_line' id='line_1_16' title="bbox 226 1184 1642 1234; baseline -0.001 -14"><span class='ocrx_word' id='word_1_144' title='bbox 226 1187 409 1222; x_wconf 85' lang='lat' dir='ltr'>Austriacis</span> <span class='ocrx_word' id='word_1_145' title='bbox 437 1187 641 1234; x_wconf 86' lang='lat' dir='ltr'>martyrium</span> <span class='ocrx_word' id='word_1_146' title='bbox 671 1185 783 1232; x_wconf 82' lang='lat' dir='ltr'>paffus</span> <span class='ocrx_word' id='word_1_147' title='bbox 810 1186 865 1226; x_wconf 84' lang='lat' dir='ltr'>est,</span> <span class='ocrx_word' id='word_1_148' title='bbox 893 1186 974 1220; x_wconf 88' lang='lat' dir='ltr'>licet</span> <span class='ocrx_word' id='word_1_149' title='bbox 1003 1198 1024 1220; x_wconf 84' lang='lat' dir='ltr'>a</span> <span class='ocrx_word' id='word_1_150' title='bbox 1053 1185 1188 1220; x_wconf 83' lang='lat' dir='ltr'>Lessaeo</span> <span class='ocrx_word' id='word_1_151' title='bbox 1216 1184 1254 1219; x_wconf 89' lang='lat' dir='ltr'>hi</span> <span class='ocrx_word' id='word_1_152' title='bbox 1281 1185 1350 1219; x_wconf 91' lang='lat' dir='ltr'>duo</span> <span class='ocrx_word' id='word_1_153' title='bbox 1379 1185 1642 1220; x_wconf 86' lang='lat' dir='ltr'>confundentur.</span> 
     </span>
     <span class='ocr_line' id='line_1_17' title="bbox 225 1249 1643 1297; baseline -0.001 -12"><span class='ocrx_word' id='word_1_154' title='bbox 225 1251 290 1286; x_wconf 89' lang='lat' dir='ltr'>Hic</span> <span class='ocrx_word' id='word_1_155' title='bbox 323 1251 424 1291; x_wconf 87' lang='lat' dir='ltr'>enim,</span> <span class='ocrx_word' id='word_1_156' title='bbox 452 1251 494 1285; x_wconf 86' lang='lat' dir='ltr'>de</span> <span class='ocrx_word' id='word_1_157' title='bbox 528 1263 596 1297; x_wconf 89' lang='lat' dir='ltr'>quo</span> <span class='ocrx_word' id='word_1_158' title='bbox 626 1262 687 1284; x_wconf 90' lang='lat' dir='ltr'>nos</span> <span class='ocrx_word' id='word_1_159' title='bbox 714 1249 896 1296; x_wconf 86' lang='lat' dir='ltr'>loquimur,</span> <span class='ocrx_word' id='word_1_160' title='bbox 927 1249 1145 1290; x_wconf 84' lang='lat' dir='ltr'>Colmannus,</span> <span class='ocrx_word' id='word_1_161' title='bbox 1176 1249 1264 1284; x_wconf 87' lang='lat' dir='ltr'>alter</span> <span class='ocrx_word' id='word_1_162' title='bbox 1295 1249 1528 1284; x_wconf 89' lang='lat' dir='ltr'>Colomannus</span> <span class='ocrx_word' id='word_1_163' title='bbox 1562 1250 1643 1283; x_wconf 88' lang='lat' dir='ltr'>dici-</span> 
     </span>
     <span class='ocr_line' id='line_1_18' title="bbox 222 1312 1402 1361; baseline -0.003 -11"><span class='ocrx_word' id='word_1_164' title='bbox 222 1321 288 1355; x_wconf 87' lang='lat' dir='ltr'>tur,</span> <span class='ocrx_word' id='word_1_165' title='bbox 315 1315 374 1361; x_wconf 88' lang='lat' dir='ltr'>qui</span> <span class='ocrx_word' id='word_1_166' title='bbox 391 1315 495 1350; x_wconf 89' lang='lat' dir='ltr'>etiam</span> <span class='ocrx_word' id='word_1_167' title='bbox 512 1313 666 1349; x_wconf 79' lang='lat' dir='ltr'>claruiffe</span> <span class='ocrx_word' id='word_1_168' title='bbox 683 1314 793 1348; x_wconf 87' lang='lat' dir='ltr'>fertur</span> <span class='ocrx_word' id='word_1_169' title='bbox 809 1325 899 1348; x_wconf 91' lang='lat' dir='ltr'>anno</span> <span class='ocrx_word' id='word_1_170' title='bbox 918 1313 1058 1348; x_wconf 87' lang='lat' dir='ltr'>Domini</span> <span class='ocrx_word' id='word_1_171' title='bbox 1077 1315 1180 1348; x_wconf 88' lang='grc'><strong>1013.</strong></span> <span class='ocrx_word' id='word_1_172' title='bbox 1230 1312 1402 1359; x_wconf 86' lang='lat' dir='ltr'>Congeffit</span> 
     </span>
    </p>

    <p class='ocr_par' dir='ltr' id='par_1_3' title="bbox 368 1376 1639 1424">
     <span class='ocr_line' id='line_1_19' title="bbox 368 1376 1639 1424; baseline -0.002 -10"><span class='ocrx_word' id='word_1_173' title='bbox 368 1379 498 1414; x_wconf 88' lang='lat' dir='ltr'>Contra</span> <span class='ocrx_word' id='word_1_174' title='bbox 527 1377 794 1413; x_wconf 85' lang='lat' dir='ltr'>Caerimoniales</span> <span class='ocrx_word' id='word_1_175' title='bbox 825 1377 1047 1418; x_wconf 88' lang='lat' dir='ltr'>Romanistas‚</span> <span class='ocrx_word' id='word_1_176' title='bbox 1078 1389 1140 1424; x_wconf 91' lang='lat' dir='ltr'>pro</span> <span class='ocrx_word' id='word_1_177' title='bbox 1171 1377 1279 1412; x_wconf 84' lang='lat' dir='ltr'>Sociis</span> <span class='ocrx_word' id='word_1_178' title='bbox 1309 1376 1639 1417; x_wconf 81' lang='lat' dir='ltr'>Quartadecimanis,</span> 
     </span>
    </p>

    <p class='ocr_par' dir='ltr' id='par_1_4' title="bbox 416 1443 514 1477">
     <span class='ocr_line' id='line_1_20' title="bbox 416 1443 514 1477; baseline 0 -1"><span class='ocrx_word' id='word_1_179' title='bbox 416 1443 473 1477; x_wconf 91' lang='lat' dir='ltr'>lib.</span> <span class='ocrx_word' id='word_1_180' title='bbox 492 1453 514 1476; x_wconf 90' lang='lat'>1.</span> 
     </span>
    </p>

    <p class='ocr_par' dir='ltr' id='par_1_5' title="bbox 365 1503 1340 1543">
     <span class='ocr_line' id='line_1_21' title="bbox 365 1503 1340 1543; baseline -0.003 -2"><span class='ocrx_word' id='word_1_181' title='bbox 365 1507 508 1541; x_wconf 84' lang='lat' dir='ltr'>Veteres</span> <span class='ocrx_word' id='word_1_182' title='bbox 525 1512 560 1541; x_wconf 91' lang='lat' dir='ltr'>et</span> <span class='ocrx_word' id='word_1_183' title='bbox 577 1506 710 1541; x_wconf 67' lang='lat' dir='ltr'>sanctas</span> <span class='ocrx_word' id='word_1_184' title='bbox 728 1504 961 1539; x_wconf 86' lang='lat' dir='ltr'>Ascetriarum</span> <span class='ocrx_word' id='word_1_185' title='bbox 979 1503 1258 1543; x_wconf 89' lang='lat' dir='ltr'>Consuetudines,</span> <span class='ocrx_word' id='word_1_186' title='bbox 1277 1509 1340 1538; x_wconf 88' lang='lat' dir='ltr'>etc.</span> 
     </span>
    </p>

    <p class='ocr_par' dir='ltr' id='par_1_6' title="bbox 221 1567 1237 1616">
     <span class='ocr_line' id='line_1_22' title="bbox 221 1567 1237 1616; baseline -0.005 -10"><span class='ocrx_word' id='word_1_187' title='bbox 221 1570 354 1606; x_wconf 87' lang='lat' dir='ltr'>Claruit</span> <span class='ocrx_word' id='word_1_188' title='bbox 370 1582 460 1605; x_wconf 90' lang='lat' dir='ltr'>anno</span> <span class='ocrx_word' id='word_1_189' title='bbox 478 1570 622 1616; x_wconf 72' lang='lat' dir='ltr'>virginei</span> <span class='ocrx_word' id='word_1_190' title='bbox 639 1574 759 1615; x_wconf 87' lang='lat' dir='ltr'>partus</span> <span class='ocrx_word' id='word_1_191' title='bbox 776 1569 856 1608; x_wconf 87' lang='lat'>670,</span> <span class='ocrx_word' id='word_1_192' title='bbox 874 1568 934 1602; x_wconf 93' lang='lat' dir='ltr'>sub</span> <span class='ocrx_word' id='word_1_193' title='bbox 952 1567 1130 1603; x_wconf 91' lang='lat' dir='ltr'>Malduino</span> <span class='ocrx_word' id='word_1_194' title='bbox 1147 1579 1237 1613; x_wconf 85' lang='lat' dir='ltr'>rege.</span> 
     </span>
    </p>
   </div>
   <div class='ocr_carea' id='block_1_3' title="bbox 735 1711 1116 1747">
    <p class='ocr_par' dir='ltr' id='par_1_7' title="bbox 735 1711 1116 1747">
     <span class='ocr_line' id='line_1_23' title="bbox 735 1711 1116 1747; baseline -0.005 0"><span class='ocrx_word' id='word_1_195' title='bbox 735 1712 797 1747; x_wconf 89' lang='lat' dir='ltr'>DE</span> <span class='ocrx_word' id='word_1_196' title='bbox 823 1711 1116 1746; x_wconf 85' lang='lat' dir='ltr'>CUTHBERTO.</span> 
     </span>
    </p>
   </div>
   <div class='ocr_carea' id='block_1_4' title="bbox 214 1821 1633 2322">
    <p class='ocr_par' dir='ltr' id='par_1_8' title="bbox 214 1821 1633 2322">
     <span class='ocr_line' id='line_1_24' title="bbox 219 1821 1633 1867; baseline -0.006 -5"><span class='ocrx_word' id='word_1_197' title='bbox 219 1827 476 1866; x_wconf 77' lang='lat' dir='ltr'><strong>CUTHBERTUS‚</strong></span> <span class='ocrx_word' id='word_1_198' title='bbox 511 1824 744 1861; x_wconf 86' lang='lat' dir='ltr'>Mailrofienfis</span> <span class='ocrx_word' id='word_1_199' title='bbox 776 1824 972 1863; x_wconf 84' lang='lat' dir='ltr'>monachus,</span> <span class='ocrx_word' id='word_1_200' title='bbox 1008 1829 1044 1858; x_wconf 91' lang='lat' dir='ltr'>et</span> <span class='ocrx_word' id='word_1_201' title='bbox 1078 1821 1282 1857; x_wconf 88' lang='lat' dir='ltr'>Dunelmiae</span> <span class='ocrx_word' id='word_1_202' title='bbox 1316 1821 1458 1867; x_wconf 87' lang='lat' dir='ltr'>praesul,</span> <span class='ocrx_word' id='word_1_203' title='bbox 1495 1821 1633 1856; x_wconf 84' lang='lat' dir='ltr'>natione</span> 
     </span>
     <span class='ocr_line' id='line_1_25' title="bbox 219 1883 1632 1935; baseline -0.005 -10"><span class='ocrx_word' id='word_1_204' title='bbox 219 1891 349 1930; x_wconf 88' lang='lat' dir='ltr'>Scotus,</span> <span class='ocrx_word' id='word_1_205' title='bbox 377 1891 413 1924; x_wconf 88' lang='lat' dir='ltr'>in</span> <span class='ocrx_word' id='word_1_206' title='bbox 440 1890 569 1925; x_wconf 85' lang='lat' dir='ltr'>Mercia</span> <span class='ocrx_word' id='word_1_207' title='bbox 596 1901 664 1924; x_wconf 88' lang='lat' dir='ltr'>non</span> <span class='ocrx_word' id='word_1_208' title='bbox 691 1888 811 1935; x_wconf 90' lang='lat' dir='ltr'>procul</span> <span class='ocrx_word' id='word_1_209' title='bbox 837 1899 858 1922; x_wconf 90' lang='lat' dir='ltr'>a</span> <span class='ocrx_word' id='word_1_210' title='bbox 885 1887 1031 1922; x_wconf 85' lang='lat' dir='ltr'>Bervico</span> <span class='ocrx_word' id='word_1_211' title='bbox 1055 1885 1191 1932; x_wconf 88' lang='lat' dir='ltr'>oppido,</span> <span class='ocrx_word' id='word_1_212' title='bbox 1217 1885 1310 1920; x_wconf 83' lang='lat' dir='ltr'>claro</span> <span class='ocrx_word' id='word_1_213' title='bbox 1335 1883 1498 1930; x_wconf 88' lang='lat' dir='ltr'>sanguine</span> <span class='ocrx_word' id='word_1_214' title='bbox 1522 1889 1632 1922; x_wconf 72' lang='lat' dir='ltr'>natus,</span> 
     </span>
     <span class='ocr_line' id='line_1_26' title="bbox 217 1947 1630 1997; baseline -0.006 -8"><span class='ocrx_word' id='word_1_215' title='bbox 217 1955 251 1988; x_wconf 85' lang='lat' dir='ltr'>in</span> <span class='ocrx_word' id='word_1_216' title='bbox 285 1954 414 1989; x_wconf 88' lang='lat' dir='ltr'>teneris</span> <span class='ocrx_word' id='word_1_217' title='bbox 442 1954 540 1989; x_wconf 86' lang='lat' dir='ltr'>annis</span> <span class='ocrx_word' id='word_1_218' title='bbox 569 1953 628 1988; x_wconf 90' lang='lat' dir='ltr'>sub</span> <span class='ocrx_word' id='word_1_219' title='bbox 659 1953 747 1988; x_wconf 85' lang='lat' dir='ltr'>Eata</span> <span class='ocrx_word' id='word_1_220' title='bbox 780 1952 884 1987; x_wconf 88' lang='lat' dir='ltr'>Scoto</span> <span class='ocrx_word' id='word_1_221' title='bbox 915 1951 1064 1997; x_wconf 89' lang='lat' dir='ltr'>primum</span> <span class='ocrx_word' id='word_1_222' title='bbox 1098 1947 1315 1989; x_wconf 74' lang='lat' dir='ltr'>antecessore,</span> <span class='ocrx_word' id='word_1_223' title='bbox 1351 1948 1474 1983; x_wconf 85' lang='lat' dir='ltr'>deinde</span> <span class='ocrx_word' id='word_1_224' title='bbox 1507 1949 1630 1982; x_wconf 83' lang='lat' dir='ltr'>abbate</span> 
     </span>
     <span class='ocr_line' id='line_1_27' title="bbox 218 2012 1630 2065; baseline -0.006 -11"><span class='ocrx_word' id='word_1_225' title='bbox 218 2020 317 2065; x_wconf 83' lang='lat' dir='ltr'>Boys,</span> <span class='ocrx_word' id='word_1_226' title='bbox 360 2019 419 2053; x_wconf 89' lang='lat' dir='ltr'>illo</span> <span class='ocrx_word' id='word_1_227' title='bbox 461 2019 496 2052; x_wconf 94' lang='lat' dir='ltr'>in</span> <span class='ocrx_word' id='word_1_228' title='bbox 538 2017 703 2052; x_wconf 87' lang='lat' dir='ltr'>coenobio</span> <span class='ocrx_word' id='word_1_229' title='bbox 743 2013 961 2051; x_wconf 88' lang='lat' dir='ltr'>Mailrofienfi</span> <span class='ocrx_word' id='word_1_230' title='bbox 999 2013 1271 2060; x_wconf 89' lang='lat' dir='ltr'>quamplurimos</span> <span class='ocrx_word' id='word_1_231' title='bbox 1307 2024 1414 2047; x_wconf 89' lang='lat' dir='ltr'>annos</span> <span class='ocrx_word' id='word_1_232' title='bbox 1457 2012 1630 2057; x_wconf 81' lang='lat' dir='ltr'>transegit.</span> 
     </span>
     <span class='ocr_line' id='line_1_28' title="bbox 216 2075 1631 2128; baseline -0.007 -10"><span class='ocrx_word' id='word_1_233' title='bbox 216 2095 283 2128; x_wconf 92' lang='lat' dir='ltr'>quo</span> <span class='ocrx_word' id='word_1_234' title='bbox 311 2083 346 2117; x_wconf 89' lang='lat' dir='ltr'>in</span> <span class='ocrx_word' id='word_1_235' title='bbox 374 2083 448 2117; x_wconf 90' lang='lat' dir='ltr'>loco</span> <span class='ocrx_word' id='word_1_236' title='bbox 474 2083 630 2128; x_wconf 84' lang='lat' dir='ltr'>optimos,</span> <span class='ocrx_word' id='word_1_237' title='bbox 658 2087 730 2116; x_wconf 86' lang='lat' dir='ltr'>tam</span> <span class='ocrx_word' id='word_1_238' title='bbox 757 2081 792 2115; x_wconf 91' lang='lat' dir='ltr'>in</span> <span class='ocrx_word' id='word_1_239' title='bbox 819 2079 942 2114; x_wconf 88' lang='lat' dir='ltr'>divinis</span> <span class='ocrx_word' id='word_1_240' title='bbox 969 2077 1163 2124; x_wconf 69' lang='lat' dir='ltr'>Scriptufis,</span> <span class='ocrx_word' id='word_1_241' title='bbox 1188 2088 1292 2122; x_wconf 89' lang='lat' dir='ltr'>quam</span> <span class='ocrx_word' id='word_1_242' title='bbox 1320 2076 1355 2109; x_wconf 89' lang='lat' dir='ltr'>in</span> <span class='ocrx_word' id='word_1_243' title='bbox 1382 2075 1509 2110; x_wconf 87' lang='lat' dir='ltr'>artium</span> <span class='ocrx_word' id='word_1_244' title='bbox 1541 2075 1631 2109; x_wconf 85' lang='lat' dir='ltr'>secu-</span> 
     </span>
     <span class='ocr_line' id='line_1_29' title="bbox 217 2139 1630 2191; baseline -0.007 -9"><span class='ocrx_word' id='word_1_245' title='bbox 217 2148 338 2182; x_wconf 90' lang='lat' dir='ltr'>larium</span> <span class='ocrx_word' id='word_1_246' title='bbox 368 2146 517 2187; x_wconf 72' lang='lat' dir='ltr'>scientia,</span> <span class='ocrx_word' id='word_1_247' title='bbox 547 2146 628 2181; x_wconf 87' lang='lat' dir='ltr'>fecit</span> <span class='ocrx_word' id='word_1_248' title='bbox 658 2142 858 2191; x_wconf 83' lang='lat' dir='ltr'>progressus.</span> <span class='ocrx_word' id='word_1_249' title='bbox 926 2142 1059 2177; x_wconf 89' lang='lat' dir='ltr'>Deinde</span> <span class='ocrx_word' id='word_1_250' title='bbox 1089 2141 1318 2176; x_wconf 86' lang='lat' dir='ltr'>Colmannum</span> <span class='ocrx_word' id='word_1_251' title='bbox 1347 2151 1410 2186; x_wconf 87' lang='lat' dir='ltr'>per</span> <span class='ocrx_word' id='word_1_252' title='bbox 1445 2139 1630 2173; x_wconf 88' lang='lat' dir='ltr'>Northum-</span> 
     </span>
     <span class='ocr_line' id='line_1_30' title="bbox 215 2203 1630 2250; baseline -0.006 -5"><span class='ocrx_word' id='word_1_253' title='bbox 215 2210 324 2245; x_wconf 88' lang='lat' dir='ltr'>briam</span> <span class='ocrx_word' id='word_1_254' title='bbox 354 2210 497 2250; x_wconf 71' lang='lat' dir='ltr'>secutus,</span> <span class='ocrx_word' id='word_1_255' title='bbox 526 2210 775 2244; x_wconf 87' lang='lat' dir='ltr'>Lindisfarnam</span> <span class='ocrx_word' id='word_1_256' title='bbox 802 2208 835 2242; x_wconf 88' lang='lat' dir='ltr'>se</span> <span class='ocrx_word' id='word_1_257' title='bbox 862 2205 1035 2246; x_wconf 85' lang='lat' dir='ltr'>contulit;</span> <span class='ocrx_word' id='word_1_258' title='bbox 1067 2204 1207 2240; x_wconf 88' lang='lat' dir='ltr'>tandem</span> <span class='ocrx_word' id='word_1_259' title='bbox 1235 2203 1366 2238; x_wconf 68' lang='lat' dir='ltr'>electus</span> <span class='ocrx_word' id='word_1_260' title='bbox 1395 2203 1441 2237; x_wconf 89' lang='lat' dir='ltr'>est</span> <span class='ocrx_word' id='word_1_261' title='bbox 1468 2203 1511 2237; x_wconf 87' lang='lat' dir='ltr'>ad</span> <span class='ocrx_word' id='word_1_262' title='bbox 1544 2203 1630 2248; x_wconf 79' lang='lat' dir='ltr'>epis-</span> 
     </span>
     <span class='ocr_line' id='line_1_31' title="bbox 214 2266 1628 2322; baseline -0.007 -12"><span class='ocrx_word' id='word_1_263' title='bbox 214 2281 373 2320; x_wconf 88' lang='lat' dir='ltr'>copatum</span> <span class='ocrx_word' id='word_1_264' title='bbox 417 2273 727 2322; x_wconf 85' lang='lat' dir='ltr'>Hagulstadensem‚</span> <span class='ocrx_word' id='word_1_265' title='bbox 770 2272 827 2306; x_wconf 91' lang='lat' dir='ltr'>sed</span> <span class='ocrx_word' id='word_1_266' title='bbox 866 2272 1006 2306; x_wconf 69' lang='lat' dir='ltr'>evectus</span> <span class='ocrx_word' id='word_1_267' title='bbox 1045 2269 1088 2304; x_wconf 86' lang='lat' dir='ltr'>ad</span> <span class='ocrx_word' id='word_1_268' title='bbox 1122 2266 1438 2306; x_wconf 87' lang='lat' dir='ltr'>Lindisfarneusem,</span> <span class='ocrx_word' id='word_1_269' title='bbox 1478 2267 1628 2301; x_wconf 81' lang='lat' dir='ltr'>maxima</span> 
     </span>
    </p>
   </div>
  </div>
 </body>
</html>
