1913 2692
641 240 703 270 DE
742 240 1074 272 SCRIPTORIBUS
1111 242 1273 273 SCOTIS.
1640 250 1659 278 3

237 329 343 366 animi
367 334 483 366 tamen
509 330 722 365 exhilarandi
748 331 860 377 gratia
885 330 1017 377 saepius
1042 332 1194 368 carmina
1216 332 1460 379 elegantissima
1483 340 1518 370 et
1540 335 1653 371 suavia

236 394 383 429 condere
418 394 566 435 solebat;
601 394 688 429 adeo
713 398 752 429 ut
789 395 929 429 tandem
968 395 1010 429 de
1037 395 1177 442 Origine
1212 396 1261 431 sui
1297 397 1461 432 Coenobii
1492 398 1652 434 Carmina

238 457 414 504 scripserit,

382 522 434 556 De
460 521 644 556 illustribus
669 521 847 556 Monachis
872 521 921 556 sui
948 523 1132 569 Temporis,

382 584 434 620 De
460 585 633 620 Laudibus
657 585 815 632 Episcopi
840 585 1012 625 Eadfredi,

234 652 270 682 et
294 647 363 682 alia
388 648 565 694 quaedam.
616 648 749 683 Claruit
771 661 861 684 anno
886 661 907 683 a
932 648 1038 683 salute
1064 661 1126 695 per
1147 650 1317 685 Christum
1342 656 1442 696 parta
1466 654 1544 693 750,
1567 653 1647 688 duni

235 716 395 758 regnaret
420 711 589 747 Ethfinus.

707 854 770 888 DE
795 854 1003 889 CLAUDIO
1029 854 1182 889 SCOTO.

233 965 423 1000 CLAUDIUS
448 964 595 1005 SCOTUS‚
633 964 669 999 in
694 965 722 999 F
725 964 818 1000 ifenfi
849 965 1025 1011 provincia
1061 977 1168 1012 prope
1203 967 1442 1004 Falklandiam
1477 976 1578 1005 natus
1603 983 1645 1006 ex

232 1028 375 1075 antiqua
409 1028 590 1063 Scotorum
627 1028 766 1069 familia,
805 1034 840 1063 et
873 1029 1038 1064 educatus
1076 1029 1168 1065 inter
1204 1032 1389 1067 monachos
1422 1034 1646 1081 Andreapoli-

230 1097 330 1128 tanos
355 1092 391 1127 in
416 1097 588 1127 conventu
613 1097 648 1127 et
673 1092 876 1128 monasterio
902 1093 1237 1139 Augustiniauwum,
1268 1096 1304 1130 in
1327 1097 1512 1143 juventute
1537 1098 1645 1134 anim-

230 1167 290 1190 um
316 1155 439 1190 divinis
464 1155 573 1191 literis
599 1161 693 1192 totus
717 1156 859 1197 addixit,
889 1157 976 1192 adeo
1002 1163 1041 1192 ut
1066 1157 1157 1193 inter
1181 1159 1310 1205 primos
1334 1160 1543 1197 doctissimus
1569 1174 1645 1197 eva-

230 1219 333 1260 serit3
367 1219 490 1254 deinde
516 1220 669 1255 omnium
694 1220 856 1255 consensu
881 1225 917 1255 et
952 1220 1167 1267 persuasione
1195 1224 1240 1258 ad
1265 1223 1418 1271 regimen
1451 1226 1643 1261 monasterii

230 1282 404 1324 invitatus,
438 1283 585 1330 ingenue
619 1288 654 1318 et
687 1283 879 1318 constanter
911 1284 1088 1326 recusavit,
1106 1286 1313 1333 respondens
1338 1288 1371 1323 se
1396 1289 1498 1325 malle
1524 1290 1560 1324 in
1584 1290 1643 1325 suo

231 1347 306 1382 loco
331 1346 440 1382 sobrie
466 1359 606 1393 operam
630 1347 732 1382 fixeris
756 1347 865 1382 literis
890 1348 981 1388 dare,
1008 1361 1111 1395 quam
1136 1350 1180 1384 ad
1205 1351 1309 1386 talem
1333 1352 1480 1399 gradum
1505 1354 1642 1389 honoris

231 1409 464 1451 conscendere,
490 1416 647 1446 metuens
672 1410 757 1445 illud
783 1410 1030 1446 Horatianum:

613 1489 730 1526 Saepius
750 1489 839 1517 ventis
860 1490 980 1527 agitatur
999 1489 1097 1527 ingens

612 1542 700 1570 Pinus
710 1553 718 1575 3
740 1546 768 1570 et
787 1542 873 1571 celsae
892 1543 1016 1580 graviore
1032 1545 1095 1573 casu

611 1595 753 1624 Decidunt
768 1600 865 1629 turres,
882 1596 1041 1635 feriuntque
1058 1599 1181 1628 summos

767 1649 898 1679 Fulmina
914 1656 1030 1681 montes.

229 1718 367 1765 Scripsit

372 1782 628 1818 Commentaria
652 1783 688 1817 iu
713 1783 939 1825 Matthaeum‚
965 1785 1001 1820 in
1026 1786 1191 1828 Marcum,
1218 1792 1252 1822 et
1278 1788 1314 1823 in
1337 1789 1515 1825 Joannem.

372 1845 538 1891 Epistolas
563 1846 674 1881 varias
699 1847 742 1882 ad
767 1847 979 1882 Ludovicum
1003 1849 1183 1885 Gallorum
1208 1863 1335 1898 regem,

228 1909 324 1955 cujus
353 1909 563 1944 mentionem
599 1910 680 1945 facit
715 1910 784 1956 ipse
814 1911 850 1945 in
880 1912 1091 1957 praefatione
1126 1914 1175 1949 sui
1200 1915 1455 1952 Commentarii.
1506 1918 1637 1953 claruit

225 1984 317 2007 anno
342 1972 512 2008 humanae
538 1972 654 2008 salutis
680 1975 759 2009 816.

757 2116 821 2151 DE
846 2115 1100 2154 GERVADIO.

220 2226 453 2267 GERVAnms,
479 2225 616 2273 infignis
641 2225 779 2261 natione
806 2225 937 2268 scotus,
963 2227 1132 2275 multique
1157 2229 1216 2264 alii
1241 2230 1364 2267 fratres
1389 2234 1547 2268 monachi
1573 2236 1632 2270 sub

225 2289 355 2325 Achaio
384 2301 465 2336 rege
490 2289 527 2326 in
551 2290 706 2327 Moravia
740 2290 843 2326 fidem
867 2290 990 2327 Christi
1015 2292 1282 2338 praedicabant3
1319 2308 1387 2342 quo
1418 2297 1523 2333 etiam
1552 2304 1637 2335 tem-
