1913 2692
655 187 717 217 DE
753 187 1087 219 SCRIPTORIBUS
1122 189 1284 220 SCOTIS.
1645 198 1684 234 73

264 277 341 311 dem
377 289 419 311 ex
452 277 584 323 seriptis
618 276 697 312 satis
729 277 847 323 liquet.
920 277 1050 313 Contra
1082 279 1259 314 Andream
1295 280 1497 320 Victorium
1532 284 1679 329 ejusdem

265 342 394 376 ordinis
419 341 629 387 discipulum,
656 340 735 375 satis
761 340 956 376 mordacem
983 341 1109 377 librum
1134 343 1251 378 edidit.
1308 345 1370 379 Vir
1397 351 1471 381 orat
1498 347 1532 380 in
1559 348 1680 382 divinis

265 405 450 451 Scripturis
482 403 733 445 eruditissimus‚
773 410 808 440 et
847 405 882 439 in
920 405 1062 441 seculari
1103 407 1317 454 philosophia
1352 410 1513 445 nobiliter
1546 411 1677 451 (lochis,

264 469 400 515 ingenio
426 469 606 516 praestans,
637 469 773 515 eloquio
799 469 1022 510 scholasticus,
1053 471 1206 506 moribus
1234 477 1268 507 et
1298 473 1552 508 conversatione
1582 487 1678 520 prae·

262 533 407 579 cipuus3
441 533 503 567 has
532 533 624 568 enim
657 533 776 568 laudes
809 534 931 568 tribuit
961 534 991 568 ei
1022 535 1238 570 Trithemius.
1307 537 1389 571 Tres
1422 543 1539 572 autem
1569 546 1676 577 erant,

262 597 446 632 secundum
479 597 651 643 quosdam,
686 597 728 632 de
763 597 797 632 S.
832 598 973 633 Victore
1011 598 1122 640 diem
1165 600 1358 636 Richardus
1400 602 1531 641 Scotus,
1576 603 1677 649 Hugo

261 662 464 701 Germanus,
498 667 533 696 et
567 661 724 696 Andreas
762 661 904 708 Anglus,
939 662 1022 698 alias
1062 663 1175 699 dictus
1217 665 1373 700 Andreas
1416 666 1598 706 Victorius,
1642 674 1677 701 et

260 738 449 772 cognomen
483 730 557 760 erat
590 725 662 771 ejus
695 725 829 771 collegii
862 726 1133 771 praelectoribus
1170 739 1351 763 commune
1384 735 1467 765 tunc
1501 732 1674 777 temporis.

264 790 373 836 Hujus
398 802 480 824 vero
507 789 671 824 Richardi
700 789 927 823 eruditionem
954 791 1157 836 singularem
1182 797 1217 826 et
1244 792 1405 838 opuscula
1430 807 1517 840 pene
1543 795 1674 830 infinita

262 854 396 889 notiora
422 852 488 888 effe
517 853 675 893 arbitror,
707 864 811 898 quam
841 858 878 887 ut
908 853 963 887 hic
993 854 1095 900 longa
1123 860 1158 889 et
1187 856 1322 901 prolixa
1351 857 1552 893 inductione
1579 871 1675 893 enar-

261 919 327 953 rari
367 930 451 964 opus
485 917 549 957 fit;
592 922 802 963 quapropter
836 917 986 952 laconice
1028 923 1062 952 et
1100 918 1192 959 fioco,
1228 921 1320 966 quod
1353 921 1460 961 aiunt,
1495 924 1580 967 pede
1616 923 1675 958 al·-

260 994 406 1028 quorum
423 981 559 1016 suorum
578 981 817 1027 opusculorum
834 980 954 1016 titulos
971 981 1199 1018 subtexamus.

406 1047 457 1080 De
476 1046 508 1080 S.
527 1045 704 1085 Trinitate,
723 1044 780 1079 lib.
800 1055 851 1078 vl.

405 1110 456 1144 De
475 1109 597 1144 Gratia
614 1108 931 1155 Contemplationis‚
950 1109 1007 1144 lib.
1026 1121 1062 1144 v.

404 1175 456 1209 De
474 1174 576 1209 Sta-tu
593 1173 766 1208 interioris
787 1173 955 1213 Hominis,
974 1174 1031 1208 lib.
1050 1183 1104 1208 111.

404 1239 456 1273 De
474 1237 679 1273 Eruditione
697 1237 871 1272 interioris
889 1237 1055 1278 Hominis,
1076 1238 1133 1274 lib.
1153 1249 1207 1273 111.

402 1301 654 1348 Exceptionum
671 1301 728 1336 lib.
748 1311 799 1335 IV.

404 1367 444 1400 In
461 1367 553 1400 Arca
569 1365 719 1411 Mystica‚
737 1364 795 1399 lib.
814 1374 850 1398 v,

401 1430 564 1476 Epitoma
580 1428 687 1464 totius
704 1428 848 1468 Bibliae,
866 1428 924 1463 lib.
942 1439 965 1462 1.

401 1492 609 1540 Explanatio
627 1491 878 1527 Difficultatum
895 1492 932 1526 in
949 1491 1185 1529 Tabernaculo
1202 1495 1374 1537 Foederis,
1392 1496 1449 1532 lib.

400 1559 454 1593 De
471 1556 606 1592 Vifione
624 1556 947 1597 Nabuchodonosor,
964 1556 1022 1591 lib.
1041 1567 1064 1591 1.

257 1626 299 1659 Et
336 1623 403 1658 alia
435 1621 617 1669 permulta,
653 1632 741 1666 quae
775 1624 895 1655 extant
928 1620 965 1654 in
1003 1621 1137 1656 duobus
1177 1623 1289 1658 tomis.
1364 1624 1497 1660 Glaruit
1530 1637 1620 1660 anno
1654 1640 1673 1661 a

257 1687 379 1723 Christi
401 1685 635 1721 incarnatione
663 1686 767 1724 1140,
792 1683 854 1718 sub
879 1684 1011 1719 Davide
1036 1684 1164 1720 Primo.
1215 1687 1258 1721 In
1283 1687 1324 1722 D.
1354 1688 1504 1724 Victoris
1529 1690 1672 1725 claustro

256 1753 299 1787 ad
317 1750 460 1786 Parisios
477 1749 676 1784 inhumatus
692 1747 748 1787 est,
766 1752 802 1782 et
818 1747 884 1783 hoc
900 1747 1076 1795 epitaphio
1093 1757 1355 1787 monumentum
1372 1752 1568 1799 insignitum
1589 1768 1595 1788 :

562 1884 696 1915 Moribus,
710 1882 831 1921 ingeni0‚
846 1883 971 1911 doctrina
984 1883 1081 1917 clarus,
1096 1889 1124 1912 et
1136 1890 1204 1918 arte,

597 1938 734 1965 Pulvereo
747 1937 793 1965 hjc
806 1937 914 1974 tegeris,
929 1937 1009 1965 docte
1023 1938 1170 1972 Richarde,
1185 1940 1249 1968 situ.

561 1992 654 2025 Quem
669 1991 750 2019 tellus
762 1991 859 2028 genuit
871 1991 945 2019 felici
959 1991 1067 2020 Scotica
1079 1997 1169 2029 partu,

599 2046 639 2073 Te
652 2045 728 2073 fovet
742 2045 772 2072 in
785 2045 889 2082 gremio
904 2045 1012 2073 Gallica
1024 2050 1097 2074 terra
1110 2056 1168 2075 suo.

562 2100 612 2128 Nil
625 2100 676 2127 tibi
690 2099 777 2127 Parca
790 2099 868 2127 ferox
881 2099 985 2132 nocuit,
1000 2089 1205 2136 quae-stamina
1219 2111 1303 2139 parvo

599 2154 734 2191 Tempore
748 2157 842 2186 tracta,
856 2154 933 2191 gravi
947 2153 1022 2190 rupit
1032 2154 1130 2182 acerba
1142 2163 1246 2183 manu:

561 2207 686 2236 Plurima
698 2217 818 2244 namque
832 2207 873 2235 tui
887 2212 1017 2245 superant
1030 2213 1212 2237 monumenta
1225 2209 1333 2243 laboris,

598 2262 678 2295 Quae
692 2261 743 2289 tibi
755 2265 920 2299 perpetuum
934 2262 989 2289 sint
1002 2262 1126 2299 paritma
1139 2262 1230 2291 decus.
