<?xml version="1.0" encoding="UTF-8"?>
<!DOCTYPE html PUBLIC "-//W3C//DTD XHTML 1.0 Transitional//EN"
    "http://www.w3.org/TR/xhtml1/DTD/xhtml1-transitional.dtd">
<html xmlns="http://www.w3.org/1999/xhtml" xml:lang="en" lang="en">
 <head>
  <title>
</title>
<meta http-equiv="Content-Type" content="text/html;charset=utf-8" />
  <meta name='ocr-system' content='tesseract 3.04.00' />
  <meta name='ocr-capabilities' content='ocr_page ocr_carea ocr_par ocr_line ocrx_word'/>
</head>
<body>
  <div class='ocr_page' id='page_1' title='image "./davidisbuchanani00bann_0111.png"; bbox 0 0 1913 2692; ppageno 0'>
   <div class='ocr_carea' id='block_1_1' title="bbox 672 196 1679 233">
    <p class='ocr_par' dir='ltr' id='par_1_1' title="bbox 672 196 1679 233">
     <span class='ocr_line' id='line_1_1' title="bbox 672 196 1679 233; baseline -0.003 -6"><span class='ocrx_word' id='word_1_1' title='bbox 672 197 734 227; x_wconf 84' lang='lat' dir='ltr'><strong>DE</strong></span> <span class='ocrx_word' id='word_1_2' title='bbox 759 196 1092 227; x_wconf 86' lang='lat' dir='ltr'>SCRIPTORIBUS</span> <span class='ocrx_word' id='word_1_3' title='bbox 1117 197 1279 227; x_wconf 82' lang='lat' dir='ltr'>SCOTIS.</span> <span class='ocrx_word' id='word_1_4' title='bbox 1638 204 1679 233; x_wconf 74' lang='lat'><strong>89</strong></span> 
     </span>
    </p>
   </div>
   <div class='ocr_carea' id='block_1_2' title="bbox 266 286 1687 1874">
    <p class='ocr_par' dir='ltr' id='par_1_2' title="bbox 266 286 1687 1874">
     <span class='ocr_line' id='line_1_2' title="bbox 269 286 1683 335; baseline -0.001 -11"><span class='ocrx_word' id='word_1_5' title='bbox 269 289 389 329; x_wconf 54' lang='lat' dir='ltr'><strong>factus,</strong></span> <span class='ocrx_word' id='word_1_6' title='bbox 419 288 546 335; x_wconf 84' lang='lat' dir='ltr'><strong>partim</strong></span> <span class='ocrx_word' id='word_1_7' title='bbox 575 287 785 332; x_wconf 82' lang='lat' dir='ltr'><strong>astrologiae,</strong></span> <span class='ocrx_word' id='word_1_8' title='bbox 816 286 942 332; x_wconf 87' lang='lat' dir='ltr'><strong>partim</strong></span> <span class='ocrx_word' id='word_1_9' title='bbox 969 286 1170 326; x_wconf 79' lang='lat' dir='ltr'>medicinae,</span> <span class='ocrx_word' id='word_1_10' title='bbox 1203 292 1237 321; x_wconf 89' lang='lat' dir='ltr'><strong>et</strong></span> <span class='ocrx_word' id='word_1_11' title='bbox 1263 288 1389 333; x_wconf 87' lang='lat' dir='ltr'><strong>partim</strong></span> <span class='ocrx_word' id='word_1_12' title='bbox 1418 288 1522 323; x_wconf 85' lang='lat' dir='ltr'><strong>etiam</strong></span> <span class='ocrx_word' id='word_1_13' title='bbox 1552 290 1683 324; x_wconf 81' lang='lat' dir='ltr'><strong>theolo-</strong></span> 
     </span>
     <span class='ocr_line' id='line_1_3' title="bbox 266 350 1681 399; baseline 0 -11"><span class='ocrx_word' id='word_1_14' title='bbox 266 353 343 399; x_wconf 86' lang='lat' dir='ltr'><strong>giae</strong></span> <span class='ocrx_word' id='word_1_15' title='bbox 373 352 406 387; x_wconf 89' lang='lat' dir='ltr'><strong>se</strong></span> <span class='ocrx_word' id='word_1_16' title='bbox 436 351 575 386; x_wconf 87' lang='lat' dir='ltr'><strong>dedidit.</strong></span> <span class='ocrx_word' id='word_1_17' title='bbox 642 352 683 385; x_wconf 92' lang='lat' dir='ltr'><strong>In</strong></span> <span class='ocrx_word' id='word_1_18' title='bbox 710 350 868 385; x_wconf 88' lang='lat' dir='ltr'><strong>omnibus</strong></span> <span class='ocrx_word' id='word_1_19' title='bbox 895 355 1012 385; x_wconf 85' lang='lat' dir='ltr'><strong>autem</strong></span> <span class='ocrx_word' id='word_1_20' title='bbox 1040 350 1129 385; x_wconf 91' lang='lat' dir='ltr'><strong>hisce</strong></span> <span class='ocrx_word' id='word_1_21' title='bbox 1155 351 1272 385; x_wconf 87' lang='lat' dir='ltr'><strong>studiis</strong></span> <span class='ocrx_word' id='word_1_22' title='bbox 1299 356 1435 386; x_wconf 89' lang='lat' dir='ltr'><strong>tantum</strong></span> <span class='ocrx_word' id='word_1_23' title='bbox 1464 353 1618 398; x_wconf 76' lang='lat' dir='ltr'>profecit.</span> <span class='ocrx_word' id='word_1_24' title='bbox 1645 361 1681 388; x_wconf 87' lang='lat' dir='ltr'><strong>ut</strong></span> 
     </span>
     <span class='ocr_line' id='line_1_4' title="bbox 266 415 1682 463; baseline 0 -11"><span class='ocrx_word' id='word_1_25' title='bbox 266 422 380 452; x_wconf 87' lang='lat' dir='ltr'><strong>aetate</strong></span> <span class='ocrx_word' id='word_1_26' title='bbox 412 416 472 451; x_wconf 89' lang='lat' dir='ltr'><strong>sua</strong></span> <span class='ocrx_word' id='word_1_27' title='bbox 500 415 558 450; x_wconf 86' lang='lat' dir='ltr'><strong>vix</strong></span> <span class='ocrx_word' id='word_1_28' title='bbox 588 428 706 462; x_wconf 89' lang='lat' dir='ltr'><strong>parem</strong></span> <span class='ocrx_word' id='word_1_29' title='bbox 736 416 767 450; x_wconf 88' lang='lat' dir='ltr'><strong>ei</strong></span> <span class='ocrx_word' id='word_1_30' title='bbox 795 416 997 461; x_wconf 88' lang='lat' dir='ltr'><strong>produxerit</strong></span> <span class='ocrx_word' id='word_1_31' title='bbox 1027 415 1141 450; x_wconf 87' lang='lat' dir='ltr'><strong>Gallia</strong></span> <span class='ocrx_word' id='word_1_32' title='bbox 1174 421 1234 450; x_wconf 91' lang='lat' dir='ltr'><strong>aut</strong></span> <span class='ocrx_word' id='word_1_33' title='bbox 1269 416 1458 452; x_wconf 83' lang='lat' dir='ltr'><strong>Britannia.</strong></span> <span class='ocrx_word' id='word_1_34' title='bbox 1526 418 1682 463; x_wconf 75' lang='lat' dir='ltr'><strong>Denique</strong></span> 
     </span>
     <span class='ocr_line' id='line_1_5' title="bbox 267 479 1683 520; baseline 0.001 -5"><span class='ocrx_word' id='word_1_35' title='bbox 267 481 407 515; x_wconf 86' lang='lat' dir='ltr'><strong>scientia</strong></span> <span class='ocrx_word' id='word_1_36' title='bbox 429 480 525 515; x_wconf 87' lang='lat' dir='ltr'><strong>varia</strong></span> <span class='ocrx_word' id='word_1_37' title='bbox 549 480 743 520; x_wconf 67' lang='lat' dir='ltr'><strong>instructus,</strong></span> <span class='ocrx_word' id='word_1_38' title='bbox 762 480 798 514; x_wconf 91' lang='lat' dir='ltr'><strong>in</strong></span> <span class='ocrx_word' id='word_1_39' title='bbox 824 480 975 515; x_wconf 86' lang='lat' dir='ltr'><strong>Scotiam</strong></span> <span class='ocrx_word' id='word_1_40' title='bbox 1001 480 1045 514; x_wconf 87' lang='lat' dir='ltr'><strong>ad</strong></span> <span class='ocrx_word' id='word_1_41' title='bbox 1070 479 1146 514; x_wconf 87' lang='lat' dir='ltr'><strong>suos</strong></span> <span class='ocrx_word' id='word_1_42' title='bbox 1172 480 1218 514; x_wconf 90' lang='lat' dir='ltr'><strong>est</strong></span> <span class='ocrx_word' id='word_1_43' title='bbox 1243 480 1416 515; x_wconf 84' lang='lat' dir='ltr'><strong>reversus:</strong></span> <span class='ocrx_word' id='word_1_44' title='bbox 1443 494 1522 516; x_wconf 89' lang='lat' dir='ltr'><strong>cum</strong></span> <span class='ocrx_word' id='word_1_45' title='bbox 1548 488 1683 517; x_wconf 86' lang='lat' dir='ltr'><strong>caetera</strong></span> 
     </span>
     <span class='ocr_line' id='line_1_6' title="bbox 267 543 1681 591; baseline 0.001 -13"><span class='ocrx_word' id='word_1_46' title='bbox 267 545 395 591; x_wconf 88' lang='lat' dir='ltr'><strong>ingenii</strong></span> <span class='ocrx_word' id='word_1_47' title='bbox 429 545 647 585; x_wconf 84' lang='lat' dir='ltr'><strong>dexteritate,</strong></span> <span class='ocrx_word' id='word_1_48' title='bbox 681 551 757 580; x_wconf 89' lang='lat' dir='ltr'><strong>tum</strong></span> <span class='ocrx_word' id='word_1_49' title='bbox 787 545 946 580; x_wconf 86' lang='lat' dir='ltr'><strong>scientiae</strong></span> <span class='ocrx_word' id='word_1_50' title='bbox 980 556 1097 578; x_wconf 89' lang='lat' dir='ltr'><strong>rerum</strong></span> <span class='ocrx_word' id='word_1_51' title='bbox 1131 543 1323 579; x_wconf 70' lang='lat' dir='ltr'><strong>caelestitun</strong></span> <span class='ocrx_word' id='word_1_52' title='bbox 1351 545 1552 590; x_wconf 66' lang='lat' dir='ltr'><strong>jactatione,</strong></span> <span class='ocrx_word' id='word_1_53' title='bbox 1588 547 1681 581; x_wconf 78' lang='lat' dir='ltr'><strong>brevi</strong></span> 
     </span>
     <span class='ocr_line' id='line_1_7' title="bbox 267 608 1683 656; baseline 0.001 -12"><span class='ocrx_word' id='word_1_54' title='bbox 267 610 302 643; x_wconf 90' lang='lat' dir='ltr'><strong>in</strong></span> <span class='ocrx_word' id='word_1_55' title='bbox 330 609 520 644; x_wconf 87' lang='lat' dir='ltr'><strong>aulicorum</strong></span> <span class='ocrx_word' id='word_1_56' title='bbox 543 609 691 656; x_wconf 80' lang='lat' dir='ltr'><strong>gratiam</strong></span> <span class='ocrx_word' id='word_1_57' title='bbox 720 609 753 644; x_wconf 90' lang='lat' dir='ltr'><strong>se</strong></span> <span class='ocrx_word' id='word_1_58' title='bbox 777 608 965 643; x_wconf 85' lang='lat' dir='ltr'><strong>infinuavit.</strong></span> <span class='ocrx_word' id='word_1_59' title='bbox 1017 608 1069 642; x_wconf 87' lang='lat' dir='ltr'><strong>Ea</strong></span> <span class='ocrx_word' id='word_1_60' title='bbox 1094 620 1149 642; x_wconf 88' lang='lat' dir='ltr'><strong>res</strong></span> <span class='ocrx_word' id='word_1_61' title='bbox 1174 620 1338 654; x_wconf 84' lang='lat' dir='ltr'><strong>magnum</strong></span> <span class='ocrx_word' id='word_1_62' title='bbox 1367 609 1398 643; x_wconf 90' lang='lat' dir='ltr'><strong>ei</strong></span> <span class='ocrx_word' id='word_1_63' title='bbox 1423 610 1575 644; x_wconf 85' lang='lat' dir='ltr'><strong>favorem</strong></span> <span class='ocrx_word' id='word_1_64' title='bbox 1604 622 1683 645; x_wconf 89' lang='lat' dir='ltr'><strong>con-</strong></span> 
     </span>
     <span class='ocr_line' id='line_1_8' title="bbox 267 672 1684 720; baseline 0 -12"><span class='ocrx_word' id='word_1_65' title='bbox 267 673 406 713; x_wconf 87' lang='lat' dir='ltr'><strong>ciliavit,</strong></span> <span class='ocrx_word' id='word_1_66' title='bbox 445 674 538 719; x_wconf 89' lang='lat' dir='ltr'><strong>quod</strong></span> <span class='ocrx_word' id='word_1_67' title='bbox 571 673 651 708; x_wconf 91' lang='lat' dir='ltr'><strong>aula</strong></span> <span class='ocrx_word' id='word_1_68' title='bbox 686 673 845 708; x_wconf 91' lang='lat' dir='ltr'><strong>omnibus</strong></span> <span class='ocrx_word' id='word_1_69' title='bbox 879 672 1053 707; x_wconf 85' lang='lat' dir='ltr'><strong>divinandi</strong></span> <span class='ocrx_word' id='word_1_70' title='bbox 1087 672 1270 718; x_wconf 87' lang='lat' dir='ltr'><strong>generibus</strong></span> <span class='ocrx_word' id='word_1_71' title='bbox 1304 677 1379 707; x_wconf 90' lang='lat' dir='ltr'><strong>tum</strong></span> <span class='ocrx_word' id='word_1_72' title='bbox 1414 673 1518 720; x_wconf 75' lang='lat' dir='ltr'><strong>usque</strong></span> <span class='ocrx_word' id='word_1_73' title='bbox 1552 675 1595 708; x_wconf 87' lang='lat' dir='ltr'><strong>ad</strong></span> <span class='ocrx_word' id='word_1_74' title='bbox 1636 675 1684 708; x_wconf 86' lang='lat' dir='ltr'><strong>in-</strong></span> 
     </span>
     <span class='ocr_line' id='line_1_9' title="bbox 268 737 1685 784; baseline 0.002 -12"><span class='ocrx_word' id='word_1_75' title='bbox 268 737 396 773; x_wconf 89' lang='lat' dir='ltr'><strong>saniam</strong></span> <span class='ocrx_word' id='word_1_76' title='bbox 435 738 552 773; x_wconf 88' lang='lat' dir='ltr'><strong>dedita</strong></span> <span class='ocrx_word' id='word_1_77' title='bbox 591 744 666 773; x_wconf 87' lang='lat' dir='ltr'><strong>erat</strong></span> <span class='ocrx_word' id='word_1_78' title='bbox 694 751 700 772; x_wconf 92' lang='lat'>:</span> <span class='ocrx_word' id='word_1_79' title='bbox 743 737 912 773; x_wconf 88' lang='lat' dir='ltr'><strong>Seuessius</strong></span> <span class='ocrx_word' id='word_1_80' title='bbox 954 737 1068 784; x_wconf 84' lang='lat' dir='ltr'><strong>igitur,</strong></span> <span class='ocrx_word' id='word_1_81' title='bbox 1108 737 1237 784; x_wconf 86' lang='lat' dir='ltr'><strong>ingenii</strong></span> <span class='ocrx_word' id='word_1_82' title='bbox 1272 738 1460 774; x_wconf 80' lang='lat' dir='ltr'><strong>acrimonia</strong></span> <span class='ocrx_word' id='word_1_83' title='bbox 1497 745 1532 774; x_wconf 91' lang='lat' dir='ltr'><strong>et</strong></span> <span class='ocrx_word' id='word_1_84' title='bbox 1574 741 1685 775; x_wconf 85' lang='lat' dir='ltr'><strong>aulica</strong></span> 
     </span>
     <span class='ocr_line' id='line_1_10' title="bbox 267 801 1685 849; baseline 0.001 -12"><span class='ocrx_word' id='word_1_85' title='bbox 267 802 380 848; x_wconf 87' lang='lat' dir='ltr'><strong>gratia</strong></span> <span class='ocrx_word' id='word_1_86' title='bbox 422 802 557 843; x_wconf 87' lang='lat' dir='ltr'><strong>florens,</strong></span> <span class='ocrx_word' id='word_1_87' title='bbox 598 803 694 837; x_wconf 88' lang='lat' dir='ltr'><strong>brevi</strong></span> <span class='ocrx_word' id='word_1_88' title='bbox 735 802 996 837; x_wconf 80' lang='lat' dir='ltr'><strong>archidiaconus</strong></span> <span class='ocrx_word' id='word_1_89' title='bbox 1035 801 1122 836; x_wconf 87' lang='lat' dir='ltr'><strong>Fani</strong></span> <span class='ocrx_word' id='word_1_90' title='bbox 1156 802 1316 837; x_wconf 85' lang='lat' dir='ltr'><strong>Andreae</strong></span> <span class='ocrx_word' id='word_1_91' title='bbox 1351 802 1553 849; x_wconf 73' lang='lat' dir='ltr'><strong>designatur.</strong></span> <span class='ocrx_word' id='word_1_92' title='bbox 1615 806 1685 839; x_wconf 74' lang='lat' dir='ltr'><strong>Ne&lt;-</strong></span> 
     </span>
     <span class='ocr_line' id='line_1_11' title="bbox 268 865 1685 913; baseline 0.001 -12"><span class='ocrx_word' id='word_1_93' title='bbox 268 867 378 901; x_wconf 85' lang='lat' dir='ltr'><strong>multo</strong></span> <span class='ocrx_word' id='word_1_94' title='bbox 403 867 476 913; x_wconf 89' lang='lat' dir='ltr'><strong>post</strong></span> <span class='ocrx_word' id='word_1_95' title='bbox 506 872 671 913; x_wconf 87' lang='lat' dir='ltr'><strong>tempore,</strong></span> <span class='ocrx_word' id='word_1_96' title='bbox 703 865 820 901; x_wconf 77' lang='lat' dir='ltr'><strong>miffus</strong></span> <span class='ocrx_word' id='word_1_97' title='bbox 847 866 894 900; x_wconf 89' lang='lat' dir='ltr'><strong>est</strong></span> <span class='ocrx_word' id='word_1_98' title='bbox 923 878 944 900; x_wconf 89' lang='lat' dir='ltr'><strong>a</strong></span> <span class='ocrx_word' id='word_1_99' title='bbox 970 866 1074 912; x_wconf 85' lang='lat' dir='ltr'><strong>Xysto</strong></span> <span class='ocrx_word' id='word_1_100' title='bbox 1105 866 1237 907; x_wconf 78' lang='lat' dir='ltr'><strong>Quarto</strong></span> <span class='ocrx_word' id='word_1_101' title='bbox 1268 878 1356 912; x_wconf 88' lang='lat' dir='ltr'><strong>papa</strong></span> <span class='ocrx_word' id='word_1_102' title='bbox 1385 867 1419 901; x_wconf 86' lang='lat' dir='ltr'><strong>in</strong></span> <span class='ocrx_word' id='word_1_103' title='bbox 1454 868 1605 903; x_wconf 85' lang='lat' dir='ltr'><strong>Scotiam</strong></span> <span class='ocrx_word' id='word_1_104' title='bbox 1640 870 1685 903; x_wconf 84' lang='lat' dir='ltr'><strong>le-</strong></span> 
     </span>
     <span class='ocr_line' id='line_1_12' title="bbox 268 929 1684 977; baseline 0.001 -12"><span class='ocrx_word' id='word_1_105' title='bbox 268 936 378 977; x_wconf 86' lang='lat' dir='ltr'><strong>gatus,</strong></span> <span class='ocrx_word' id='word_1_106' title='bbox 421 930 641 966; x_wconf 86' lang='lat' dir='ltr'><strong>Husmannus</strong></span> <span class='ocrx_word' id='word_1_107' title='bbox 684 931 807 971; x_wconf 68' lang='lat' dir='ltr'><strong>dictus,</strong></span> <span class='ocrx_word' id='word_1_108' title='bbox 850 930 909 977; x_wconf 89' lang='lat' dir='ltr'><strong>qui</strong></span> <span class='ocrx_word' id='word_1_109' title='bbox 947 929 1137 965; x_wconf 81' lang='lat' dir='ltr'><strong>Patricium</strong></span> <span class='ocrx_word' id='word_1_110' title='bbox 1183 930 1406 970; x_wconf 88' lang='lat' dir='ltr'><strong>Grahamum,</strong></span> <span class='ocrx_word' id='word_1_111' title='bbox 1446 931 1479 966; x_wconf 87' lang='lat' dir='ltr'><strong>S.</strong></span> <span class='ocrx_word' id='word_1_112' title='bbox 1525 933 1684 967; x_wconf 79' lang='lat' dir='ltr'><strong>Andreae</strong></span> 
     </span>
     <span class='ocr_line' id='line_1_13' title="bbox 269 993 1685 1043; baseline 0.001 -14"><span class='ocrx_word' id='word_1_113' title='bbox 269 995 569 1042; x_wconf 88' lang='lat' dir='ltr'><strong>archiepiscopum,</strong></span> <span class='ocrx_word' id='word_1_114' title='bbox 596 1007 705 1041; x_wconf 86' lang='lat' dir='ltr'><strong>papae</strong></span> <span class='ocrx_word' id='word_1_115' title='bbox 733 994 1028 1040; x_wconf 87' lang='lat' dir='ltr'><strong>cardinaliumque</strong></span> <span class='ocrx_word' id='word_1_116' title='bbox 1053 993 1230 1029; x_wconf 84' lang='lat' dir='ltr'><strong>sententiis</strong></span> <span class='ocrx_word' id='word_1_117' title='bbox 1256 994 1467 1035; x_wconf 89' lang='lat' dir='ltr'><strong>damnatum,</strong></span> <span class='ocrx_word' id='word_1_118' title='bbox 1494 996 1587 1030; x_wconf 89' lang='lat' dir='ltr'><strong>omni</strong></span> <span class='ocrx_word' id='word_1_119' title='bbox 1614 997 1685 1043; x_wconf 84' lang='lat' dir='ltr'><strong>dig-</strong></span> 
     </span>
     <span class='ocr_line' id='line_1_14' title="bbox 269 1058 1686 1105; baseline 0.001 -11"><span class='ocrx_word' id='word_1_120' title='bbox 269 1060 387 1099; x_wconf 87' lang='lat' dir='ltr'><strong>nitate,</strong></span> <span class='ocrx_word' id='word_1_121' title='bbox 414 1059 656 1105; x_wconf 89' lang='lat' dir='ltr'><strong>ordinibusque</strong></span> <span class='ocrx_word' id='word_1_122' title='bbox 682 1059 909 1094; x_wconf 82' lang='lat' dir='ltr'><strong>ecclefiasticis</strong></span> <span class='ocrx_word' id='word_1_123' title='bbox 939 1059 1110 1105; x_wconf 85' lang='lat' dir='ltr'><strong>dejiceret,</strong></span> <span class='ocrx_word' id='word_1_124' title='bbox 1141 1070 1181 1093; x_wconf 89' lang='lat' dir='ltr'><strong>ac</strong></span> <span class='ocrx_word' id='word_1_125' title='bbox 1212 1058 1362 1099; x_wconf 86' lang='lat' dir='ltr'><strong>schisma,</strong></span> <span class='ocrx_word' id='word_1_126' title='bbox 1389 1059 1574 1099; x_wconf 87' lang='lat' dir='ltr'><strong>fimoniam,</strong></span> <span class='ocrx_word' id='word_1_127' title='bbox 1605 1062 1686 1095; x_wconf 84' lang='lat' dir='ltr'><strong>alia-</strong></span> 
     </span>
     <span class='ocr_line' id='line_1_15' title="bbox 269 1123 1684 1170; baseline 0.001 -12"><span class='ocrx_word' id='word_1_128' title='bbox 269 1136 336 1169; x_wconf 91' lang='lat' dir='ltr'><strong>que</strong></span> <span class='ocrx_word' id='word_1_129' title='bbox 370 1136 457 1170; x_wconf 91' lang='lat' dir='ltr'><strong>quae</strong></span> <span class='ocrx_word' id='word_1_130' title='bbox 493 1124 528 1158; x_wconf 87' lang='lat' dir='ltr'><strong>in</strong></span> <span class='ocrx_word' id='word_1_131' title='bbox 561 1123 594 1158; x_wconf 90' lang='lat' dir='ltr'><strong>se</strong></span> <span class='ocrx_word' id='word_1_132' title='bbox 628 1123 761 1158; x_wconf 89' lang='lat' dir='ltr'><strong>admifit</strong></span> <span class='ocrx_word' id='word_1_133' title='bbox 799 1123 927 1158; x_wconf 86' lang='lat' dir='ltr'><strong>scelera</strong></span> <span class='ocrx_word' id='word_1_134' title='bbox 958 1127 1127 1169; x_wconf 90' lang='lat' dir='ltr'><strong>perpetuo</strong></span> <span class='ocrx_word' id='word_1_135' title='bbox 1160 1135 1297 1158; x_wconf 90' lang='lat' dir='ltr'><strong>carcere</strong></span> <span class='ocrx_word' id='word_1_136' title='bbox 1334 1123 1500 1159; x_wconf 80' lang='lat' dir='ltr'><strong>vindicari</strong></span> <span class='ocrx_word' id='word_1_137' title='bbox 1536 1125 1684 1170; x_wconf 82' lang='lat' dir='ltr'><strong>juberet.</strong></span> 
     </span>
     <span class='ocr_line' id='line_1_16' title="bbox 270 1186 1686 1234; baseline 0.001 -12"><span class='ocrx_word' id='word_1_138' title='bbox 270 1188 382 1234; x_wconf 88' lang='lat' dir='ltr'><strong>Hujus</strong></span> <span class='ocrx_word' id='word_1_139' title='bbox 415 1188 479 1222; x_wconf 84' lang='lat' dir='ltr'><strong>viri</strong></span> <span class='ocrx_word' id='word_1_140' title='bbox 512 1189 613 1234; x_wconf 82' lang='lat' dir='ltr'><strong>longe</strong></span> <span class='ocrx_word' id='word_1_141' title='bbox 646 1188 870 1231; x_wconf 83' lang='lat' dir='ltr'><strong>celeberrimi,</strong></span> <span class='ocrx_word' id='word_1_142' title='bbox 905 1188 1128 1232; x_wconf 86' lang='lat' dir='ltr'><strong>omniumque</strong></span> <span class='ocrx_word' id='word_1_143' title='bbox 1165 1186 1333 1221; x_wconf 88' lang='lat' dir='ltr'><strong>virtutum</strong></span> <span class='ocrx_word' id='word_1_144' title='bbox 1368 1188 1506 1222; x_wconf 89' lang='lat' dir='ltr'><strong>nomine</strong></span> <span class='ocrx_word' id='word_1_145' title='bbox 1541 1195 1574 1222; x_wconf 81' lang='lat' dir='ltr'><strong>et</strong></span> <span class='ocrx_word' id='word_1_146' title='bbox 1608 1190 1686 1223; x_wconf 81' lang='lat' dir='ltr'><strong>doc-</strong></span> 
     </span>
     <span class='ocr_line' id='line_1_17' title="bbox 269 1251 1686 1298; baseline 0.001 -12"><span class='ocrx_word' id='word_1_147' title='bbox 269 1251 380 1286; x_wconf 87' lang='lat' dir='ltr'><strong>trinae</strong></span> <span class='ocrx_word' id='word_1_148' title='bbox 409 1251 558 1286; x_wconf 75' lang='lat' dir='ltr'><strong>multum</strong></span> <span class='ocrx_word' id='word_1_149' title='bbox 588 1251 788 1292; x_wconf 86' lang='lat' dir='ltr'><strong>honorandi,</strong></span> <span class='ocrx_word' id='word_1_150' title='bbox 814 1252 895 1286; x_wconf 90' lang='lat' dir='ltr'><strong>licet</strong></span> <span class='ocrx_word' id='word_1_151' title='bbox 920 1251 976 1286; x_wconf 90' lang='lat' dir='ltr'><strong>hic</strong></span> <span class='ocrx_word' id='word_1_152' title='bbox 1000 1252 1044 1285; x_wconf 89' lang='lat' dir='ltr'><strong>ab</strong></span> <span class='ocrx_word' id='word_1_153' title='bbox 1072 1251 1218 1286; x_wconf 83' lang='lat' dir='ltr'><strong>inimicis</strong></span> <span class='ocrx_word' id='word_1_154' title='bbox 1246 1251 1313 1285; x_wconf 87' lang='lat' dir='ltr'><strong>suis</strong></span> <span class='ocrx_word' id='word_1_155' title='bbox 1340 1252 1456 1298; x_wconf 85' lang='lat' dir='ltr'><strong>inique</strong></span> <span class='ocrx_word' id='word_1_156' title='bbox 1487 1253 1686 1288; x_wconf 79' lang='lat' dir='ltr'><strong>criminatus</strong></span> 
     </span>
     <span class='ocr_line' id='line_1_18' title="bbox 269 1314 1684 1362; baseline 0.002 -12"><span class='ocrx_word' id='word_1_157' title='bbox 269 1314 360 1355; x_wconf 83' lang='lat' dir='ltr'><strong>effet,</strong></span> <span class='ocrx_word' id='word_1_158' title='bbox 403 1316 513 1362; x_wconf 89' lang='lat' dir='ltr'><strong>hujus,</strong></span> <span class='ocrx_word' id='word_1_159' title='bbox 553 1316 704 1361; x_wconf 89' lang='lat' dir='ltr'><strong>inquam,</strong></span> <span class='ocrx_word' id='word_1_160' title='bbox 747 1315 811 1350; x_wconf 86' lang='lat' dir='ltr'><strong>viri</strong></span> <span class='ocrx_word' id='word_1_161' title='bbox 853 1316 928 1350; x_wconf 90' lang='lat' dir='ltr'><strong>loco</strong></span> <span class='ocrx_word' id='word_1_162' title='bbox 970 1315 1127 1350; x_wconf 86' lang='lat' dir='ltr'><strong>substitus</strong></span> <span class='ocrx_word' id='word_1_163' title='bbox 1171 1315 1217 1349; x_wconf 82' lang='lat' dir='ltr'><strong>est</strong></span> <span class='ocrx_word' id='word_1_164' title='bbox 1257 1315 1463 1351; x_wconf 84' lang='lat' dir='ltr'><strong>Guilielmus</strong></span> <span class='ocrx_word' id='word_1_165' title='bbox 1508 1316 1684 1354; x_wconf 74' lang='lat' dir='ltr'><strong>Seueffius.</strong></span> 
     </span>
     <span class='ocr_line' id='line_1_19' title="bbox 270 1379 1687 1426; baseline 0.001 -12"><span class='ocrx_word' id='word_1_166' title='bbox 270 1380 366 1426; x_wconf 85' lang='lat' dir='ltr'><strong>cujus</strong></span> <span class='ocrx_word' id='word_1_167' title='bbox 399 1380 480 1414; x_wconf 90' lang='lat' dir='ltr'><strong>fidei</strong></span> <span class='ocrx_word' id='word_1_168' title='bbox 512 1392 552 1415; x_wconf 89' lang='lat' dir='ltr'><strong>ac</strong></span> <span class='ocrx_word' id='word_1_169' title='bbox 583 1380 752 1415; x_wconf 88' lang='lat' dir='ltr'><strong>custodiae</strong></span> <span class='ocrx_word' id='word_1_170' title='bbox 786 1379 956 1415; x_wconf 86' lang='lat' dir='ltr'><strong>Patricius</strong></span> <span class='ocrx_word' id='word_1_171' title='bbox 988 1379 1210 1415; x_wconf 67' lang='lat' dir='ltr'><strong>mulctandus</strong></span> <span class='ocrx_word' id='word_1_172' title='bbox 1243 1380 1481 1415; x_wconf 85' lang='lat' dir='ltr'><strong>committitur.</strong></span> <span class='ocrx_word' id='word_1_173' title='bbox 1545 1382 1687 1416; x_wconf 89' lang='lat' dir='ltr'><strong>Guiliel-</strong></span> 
     </span>
     <span class='ocr_line' id='line_1_20' title="bbox 271 1443 1684 1491; baseline 0.002 -13"><span class='ocrx_word' id='word_1_174' title='bbox 271 1455 346 1478; x_wconf 86' lang='lat' dir='ltr'><strong>mus</strong></span> <span class='ocrx_word' id='word_1_175' title='bbox 365 1449 482 1478; x_wconf 88' lang='lat' dir='ltr'><strong>autem</strong></span> <span class='ocrx_word' id='word_1_176' title='bbox 499 1444 602 1490; x_wconf 91' lang='lat' dir='ltr'><strong>paulo</strong></span> <span class='ocrx_word' id='word_1_177' title='bbox 623 1444 703 1490; x_wconf 85' lang='lat' dir='ltr'><strong>post,</strong></span> <span class='ocrx_word' id='word_1_178' title='bbox 722 1443 905 1478; x_wconf 87' lang='lat' dir='ltr'><strong>Dominica</strong></span> <span class='ocrx_word' id='word_1_179' title='bbox 920 1443 1079 1490; x_wconf 87' lang='lat' dir='ltr'><strong>paflionis</strong></span> <span class='ocrx_word' id='word_1_180' title='bbox 1100 1444 1367 1491; x_wconf 58' lang='lat' dir='ltr'><strong>quadragesima,</strong></span> <span class='ocrx_word' id='word_1_181' title='bbox 1386 1445 1507 1481; x_wconf 71' lang='lat' dir='ltr'><strong>Sancti</strong></span> <span class='ocrx_word' id='word_1_182' title='bbox 1525 1447 1684 1481; x_wconf 82' lang='lat' dir='ltr'><strong>Andreae</strong></span> 
     </span>
     <span class='ocr_line' id='line_1_21' title="bbox 270 1508 1687 1556; baseline 0.002 -14"><span class='ocrx_word' id='word_1_183' title='bbox 270 1508 543 1555; x_wconf 85' lang='lat' dir='ltr'><strong>archiepiscopus</strong></span> <span class='ocrx_word' id='word_1_184' title='bbox 568 1508 794 1554; x_wconf 83' lang='lat' dir='ltr'><strong>inauguratus</strong></span> <span class='ocrx_word' id='word_1_185' title='bbox 821 1508 855 1542; x_wconf 90' lang='lat' dir='ltr'><strong>in</strong></span> <span class='ocrx_word' id='word_1_186' title='bbox 882 1508 1013 1554; x_wconf 88' lang='lat' dir='ltr'><strong>templo</strong></span> <span class='ocrx_word' id='word_1_187' title='bbox 1046 1509 1079 1542; x_wconf 89' lang='lat' dir='ltr'><strong>S.</strong></span> <span class='ocrx_word' id='word_1_188' title='bbox 1115 1509 1235 1543; x_wconf 89' lang='lat' dir='ltr'><strong>Crucis</strong></span> <span class='ocrx_word' id='word_1_189' title='bbox 1269 1509 1471 1556; x_wconf 85' lang='lat' dir='ltr'><strong>Edinburgi,</strong></span> <span class='ocrx_word' id='word_1_190' title='bbox 1510 1510 1687 1556; x_wconf 85' lang='lat' dir='ltr'><strong>praesente</strong></span> 
     </span>
     <span class='ocr_line' id='line_1_22' title="bbox 271 1571 1686 1621; baseline 0.001 -15"><span class='ocrx_word' id='word_1_191' title='bbox 271 1584 351 1619; x_wconf 87' lang='lat' dir='ltr'><strong>rege</strong></span> <span class='ocrx_word' id='word_1_192' title='bbox 384 1571 568 1619; x_wconf 76' lang='lat' dir='ltr'><strong>multisque</strong></span> <span class='ocrx_word' id='word_1_193' title='bbox 601 1572 810 1618; x_wconf 83' lang='lat' dir='ltr'><strong>proceribus,</strong></span> <span class='ocrx_word' id='word_1_194' title='bbox 845 1572 960 1618; x_wconf 91' lang='lat' dir='ltr'><strong>ibique</strong></span> <span class='ocrx_word' id='word_1_195' title='bbox 994 1573 1137 1619; x_wconf 90' lang='lat' dir='ltr'><strong>pallium</strong></span> <span class='ocrx_word' id='word_1_196' title='bbox 1176 1579 1343 1620; x_wconf 84' lang='lat' dir='ltr'><strong>tanquam</strong></span> <span class='ocrx_word' id='word_1_197' title='bbox 1377 1575 1686 1621; x_wconf 71' lang='lat' dir='ltr'><strong>archiepiscopatus</strong></span> 
     </span>
     <span class='ocr_line' id='line_1_23' title="bbox 273 1636 1573 1684; baseline 0.002 -13"><span class='ocrx_word' id='word_1_198' title='bbox 273 1636 321 1671; x_wconf 84' lang='lat' dir='ltr'><strong>sui</strong></span> <span class='ocrx_word' id='word_1_199' title='bbox 338 1637 466 1683; x_wconf 89' lang='lat' dir='ltr'><strong>infigne</strong></span> <span class='ocrx_word' id='word_1_200' title='bbox 487 1636 628 1682; x_wconf 87' lang='lat' dir='ltr'><strong>accepit,</strong></span> <span class='ocrx_word' id='word_1_201' title='bbox 647 1636 840 1682; x_wconf 88' lang='lat' dir='ltr'><strong>primasque</strong></span> <span class='ocrx_word' id='word_1_202' title='bbox 859 1642 894 1671; x_wconf 92' lang='lat' dir='ltr'><strong>et</strong></span> <span class='ocrx_word' id='word_1_203' title='bbox 910 1637 1007 1683; x_wconf 85' lang='lat' dir='ltr'><strong>regni</strong></span> <span class='ocrx_word' id='word_1_204' title='bbox 1026 1637 1159 1684; x_wconf 84' lang='lat' dir='ltr'><strong>legatus</strong></span> <span class='ocrx_word' id='word_1_205' title='bbox 1177 1638 1382 1672; x_wconf 87' lang='lat' dir='ltr'><strong>declaratur.</strong></span> <span class='ocrx_word' id='word_1_206' title='bbox 1435 1638 1573 1684; x_wconf 85' lang='lat' dir='ltr'><strong>Scripfit</strong></span> 
     </span>
     <span class='ocr_line' id='line_1_24' title="bbox 417 1699 1368 1745; baseline 0.002 -11"><span class='ocrx_word' id='word_1_207' title='bbox 417 1699 559 1735; x_wconf 88' lang='lat' dir='ltr'><strong>Librum</strong></span> <span class='ocrx_word' id='word_1_208' title='bbox 576 1700 618 1734; x_wconf 89' lang='lat' dir='ltr'><strong>de</strong></span> <span class='ocrx_word' id='word_1_209' title='bbox 636 1699 887 1745; x_wconf 66' lang='lat' dir='ltr'><strong>Conjunctione</strong></span> <span class='ocrx_word' id='word_1_210' title='bbox 906 1700 1065 1735; x_wconf 83' lang='lat' dir='ltr'><strong>Siderum</strong></span> <span class='ocrx_word' id='word_1_211' title='bbox 1083 1707 1118 1736; x_wconf 87' lang='lat' dir='ltr'><strong>et</strong></span> <span class='ocrx_word' id='word_1_212' title='bbox 1135 1702 1368 1737; x_wconf 88' lang='lat' dir='ltr'><strong>Planetarum.</strong></span> 
     </span>
     <span class='ocr_line' id='line_1_25' title="bbox 417 1763 1067 1799; baseline 0 -1"><span class='ocrx_word' id='word_1_213' title='bbox 417 1764 470 1798; x_wconf 92' lang='lat' dir='ltr'><strong>De</strong></span> <span class='ocrx_word' id='word_1_214' title='bbox 488 1764 516 1798; x_wconf 95' lang='lat' dir='ltr'>F</span> <span class='ocrx_word' id='word_1_215' title='bbox 518 1764 630 1798; x_wconf 87' lang='lat' dir='ltr'><strong>uturis</strong></span> <span class='ocrx_word' id='word_1_216' title='bbox 647 1763 914 1798; x_wconf 87' lang='lat' dir='ltr'><strong>Praenoscendis</strong></span> <span class='ocrx_word' id='word_1_217' title='bbox 932 1764 1067 1799; x_wconf 87' lang='lat' dir='ltr'><strong>librum.</strong></span> 
     </span>
     <span class='ocr_line' id='line_1_26' title="bbox 273 1827 1686 1874; baseline 0.003 -11"><span class='ocrx_word' id='word_1_218' title='bbox 273 1827 411 1874; x_wconf 88' lang='lat' dir='ltr'><strong>Scripfit</strong></span> <span class='ocrx_word' id='word_1_219' title='bbox 436 1827 662 1862; x_wconf 89' lang='lat' dir='ltr'><strong>Genethliaca</strong></span> <span class='ocrx_word' id='word_1_220' title='bbox 689 1827 861 1862; x_wconf 89' lang='lat' dir='ltr'><strong>variorum</strong></span> <span class='ocrx_word' id='word_1_221' title='bbox 887 1828 1086 1869; x_wconf 91' lang='lat' dir='ltr'><strong>Hominum,</strong></span> <span class='ocrx_word' id='word_1_222' title='bbox 1114 1835 1149 1864; x_wconf 88' lang='lat' dir='ltr'><strong>et</strong></span> <span class='ocrx_word' id='word_1_223' title='bbox 1173 1830 1242 1865; x_wconf 86' lang='lat' dir='ltr'><strong>alia</strong></span> <span class='ocrx_word' id='word_1_224' title='bbox 1266 1831 1385 1866; x_wconf 86' lang='lat' dir='ltr'><strong>multa.</strong></span> <span class='ocrx_word' id='word_1_225' title='bbox 1438 1832 1571 1867; x_wconf 87' lang='lat' dir='ltr'><strong>Claruit</strong></span> <span class='ocrx_word' id='word_1_226' title='bbox 1597 1845 1686 1867; x_wconf 84' lang='lat' dir='ltr'><strong>anno</strong></span> 
     </span>
    </p>
   </div>
   <div class='ocr_carea' id='block_1_3' title="bbox 272 1892 1457 1939">
    <p class='ocr_par' dir='ltr' id='par_1_3' title="bbox 272 1892 1457 1939">
     <span class='ocr_line' id='line_1_27' title="bbox 272 1892 1457 1939; baseline 0.002 -11"><span class='ocrx_word' id='word_1_227' title='bbox 272 1893 345 1939; x_wconf 90' lang='lat' dir='ltr'><strong>post</strong></span> <span class='ocrx_word' id='word_1_228' title='bbox 363 1892 514 1939; x_wconf 85' lang='lat' dir='ltr'><strong>Virginis</strong></span> <span class='ocrx_word' id='word_1_229' title='bbox 530 1898 669 1938; x_wconf 88' lang='lat' dir='ltr'><strong>partum</strong></span> <span class='ocrx_word' id='word_1_230' title='bbox 690 1892 792 1932; x_wconf 85' lang='lat'><strong>1479,</strong></span> <span class='ocrx_word' id='word_1_231' title='bbox 810 1898 977 1939; x_wconf 85' lang='lat' dir='ltr'><strong>regnante</strong></span> <span class='ocrx_word' id='word_1_232' title='bbox 994 1893 1029 1928; x_wconf 91' lang='lat' dir='ltr'><strong>in</strong></span> <span class='ocrx_word' id='word_1_233' title='bbox 1048 1893 1164 1929; x_wconf 87' lang='lat' dir='ltr'><strong>Scotia</strong></span> <span class='ocrx_word' id='word_1_234' title='bbox 1180 1894 1313 1930; x_wconf 87' lang='lat' dir='ltr'><strong>Jacobo</strong></span> <span class='ocrx_word' id='word_1_235' title='bbox 1331 1895 1457 1931; x_wconf 89' lang='lat' dir='ltr'><strong>Tertio.</strong></span> 
     </span>
    </p>
   </div>
   <div class='ocr_carea' id='block_1_4' title="bbox 628 2036 1339 2074">
    <p class='ocr_par' dir='ltr' id='par_1_4' title="bbox 628 2036 1339 2074">
     <span class='ocr_line' id='line_1_28' title="bbox 628 2036 1339 2074; baseline 0.006 -4"><span class='ocrx_word' id='word_1_236' title='bbox 628 2036 691 2070; x_wconf 91' lang='lat' dir='ltr'><strong>DE</strong></span> <span class='ocrx_word' id='word_1_237' title='bbox 717 2036 978 2071; x_wconf 92' lang='lat' dir='ltr'><strong>GUILIELMO</strong></span> <span class='ocrx_word' id='word_1_238' title='bbox 1004 2038 1339 2074; x_wconf 88' lang='lat' dir='ltr'><strong>ELPHINSTONO.</strong></span> 
     </span>
    </p>
   </div>
   <div class='ocr_carea' id='block_1_5' title="bbox 275 2149 1686 2264">
    <p class='ocr_par' dir='ltr' id='par_1_5' title="bbox 275 2149 1686 2264">
     <span class='ocr_line' id='line_1_29' title="bbox 275 2149 1686 2199; baseline 0.003 -15"><span class='ocrx_word' id='word_1_239' title='bbox 275 2150 510 2184; x_wconf 65' lang='lat' dir='ltr'><strong>Gmmmmus</strong></span> <span class='ocrx_word' id='word_1_240' title='bbox 541 2149 835 2190; x_wconf 79' lang='lat' dir='ltr'><strong>ELPHINSTONUS‚</strong></span> <span class='ocrx_word' id='word_1_241' title='bbox 869 2149 1119 2184; x_wconf 87' lang='lat' dir='ltr'><strong>Aberdonenfis</strong></span> <span class='ocrx_word' id='word_1_242' title='bbox 1153 2150 1347 2197; x_wconf 79' lang='lat' dir='ltr'><strong>Episcopus,</strong></span> <span class='ocrx_word' id='word_1_243' title='bbox 1383 2152 1519 2187; x_wconf 80' lang='lat' dir='ltr'><strong>illustris</strong></span> <span class='ocrx_word' id='word_1_244' title='bbox 1551 2155 1686 2199; x_wconf 85' lang='lat' dir='ltr'><strong>generis</strong></span> 
     </span>
     <span class='ocr_line' id='line_1_30' title="bbox 276 2212 1684 2264; baseline 0.005 -18"><span class='ocrx_word' id='word_1_245' title='bbox 276 2213 406 2253; x_wconf 86' lang='lat' dir='ltr'><strong>Scotus‚</strong></span> <span class='ocrx_word' id='word_1_246' title='bbox 430 2212 537 2247; x_wconf 86' lang='lat' dir='ltr'><strong>totius</strong></span> <span class='ocrx_word' id='word_1_247' title='bbox 564 2212 669 2246; x_wconf 87' lang='lat' dir='ltr'><strong>etiam</strong></span> <span class='ocrx_word' id='word_1_248' title='bbox 695 2212 793 2258; x_wconf 85' lang='lat' dir='ltr'><strong>regni</strong></span> <span class='ocrx_word' id='word_1_249' title='bbox 814 2212 949 2248; x_wconf 86' lang='lat' dir='ltr'><strong>Scotiae</strong></span> <span class='ocrx_word' id='word_1_250' title='bbox 975 2214 1206 2255; x_wconf 86' lang='lat' dir='ltr'><strong>cancellarius,</strong></span> <span class='ocrx_word' id='word_1_251' title='bbox 1236 2220 1271 2250; x_wconf 93' lang='lat' dir='ltr'><strong>et</strong></span> <span class='ocrx_word' id='word_1_252' title='bbox 1293 2214 1414 2250; x_wconf 87' lang='lat' dir='ltr'><strong>secreti</strong></span> <span class='ocrx_word' id='word_1_253' title='bbox 1442 2215 1540 2264; x_wconf 71' lang='lat' dir='ltr'><strong>figuli</strong></span> <span class='ocrx_word' id='word_1_254' title='bbox 1567 2218 1684 2255; x_wconf 82' lang='lat' dir='ltr'><strong>custos,</strong></span> 
     </span>
    </p>
   </div>
   <div class='ocr_carea' id='block_1_6' title="bbox 275 2276 1685 2365">
    <p class='ocr_par' dir='ltr' id='par_1_6' title="bbox 275 2276 1685 2365">
     <span class='ocr_line' id='line_1_31' title="bbox 275 2276 1685 2318; baseline 0.005 -7"><span class='ocrx_word' id='word_1_255' title='bbox 275 2277 327 2311; x_wconf 84' lang='lat' dir='ltr'><strong>vir</strong></span> <span class='ocrx_word' id='word_1_256' title='bbox 354 2278 389 2312; x_wconf 86' lang='lat' dir='ltr'><strong>in</strong></span> <span class='ocrx_word' id='word_1_257' title='bbox 416 2277 575 2312; x_wconf 88' lang='lat' dir='ltr'><strong>omnibus</strong></span> <span class='ocrx_word' id='word_1_258' title='bbox 602 2276 803 2312; x_wconf 88' lang='lat' dir='ltr'><strong>liberalibus</strong></span> <span class='ocrx_word' id='word_1_259' title='bbox 828 2277 961 2313; x_wconf 84' lang='lat' dir='ltr'><strong>artibus</strong></span> <span class='ocrx_word' id='word_1_260' title='bbox 987 2279 1074 2314; x_wconf 88' lang='lat' dir='ltr'><strong>bene</strong></span> <span class='ocrx_word' id='word_1_261' title='bbox 1101 2279 1266 2315; x_wconf 84' lang='lat' dir='ltr'><strong>educatus</strong></span> <span class='ocrx_word' id='word_1_262' title='bbox 1292 2281 1336 2315; x_wconf 86' lang='lat' dir='ltr'><strong>ab</strong></span> <span class='ocrx_word' id='word_1_263' title='bbox 1362 2281 1593 2317; x_wconf 80' lang='lat' dir='ltr'><strong>adolescentia.</strong></span> <span class='ocrx_word' id='word_1_264' title='bbox 1620 2283 1685 2318; x_wconf 73' lang='lat' dir='ltr'><strong>sua,</strong></span> 
     </span>
     <span class='ocr_line' id='line_1_32' title="bbox 1006 2338 1540 2365; baseline 0.004 -2"><span class='ocrx_word' id='word_1_265' title='bbox 1006 2338 1008 2341; x_wconf 86' lang='lat'>·</span> <span class='ocrx_word' id='word_1_266' title='bbox 1517 2342 1540 2365; x_wconf 87' lang='lat' dir='ltr'>N</span> 
     </span>
    </p>
   </div>
  </div>
 </body>
</html>
