1913 2692
257 212 296 240 40
648 205 710 235 DE
746 202 1079 234 SCRIPTORIBUS
1113 201 1274 231 SCOTIS.

800 372 863 406 DE
889 370 1118 406 SERVANO.

257 489 465 525 Senum,
500 485 637 520 natione
671 483 802 521 Scotus‚
837 483 1019 517 Scotorum
1054 481 1238 528 episcopus,
1272 486 1307 515 et
1350 480 1522 514 Orcadum
1564 480 1669 526 Apos-

256 552 356 589 tolus,
391 562 433 584 ex
467 548 578 583 Scotis
611 546 811 593 parentibus
851 545 887 579 in
923 544 994 590 ipsa
1028 544 1143 578 Scotia
1171 548 1272 577 natus
1306 549 1340 577 et
1376 543 1548 583 educatus,
1575 542 1670 577 disci-

256 615 357 661 plinis
391 612 537 647 honestis
574 616 608 645 et
651 610 767 645 studiis
800 608 1007 647 liberalibus,
1042 607 1184 641 eruditis
1210 607 1313 652 juxta
1344 619 1384 641 ac
1413 606 1487 652 piis,
1517 606 1670 641 animum

257 676 442 711 virtutibus
468 674 663 709 dedicatum
688 671 881 719 applicuit3
918 683 939 705 a
964 671 1092 705 teneris
1118 670 1215 704 annis
1240 670 1290 704 ita
1321 670 1358 704 in
1385 671 1552 704 bonarum
1578 670 1672 704 liter-

257 752 355 776 arum
382 738 497 774 studiis
523 737 695 772 enutritus
722 735 782 770 sub
811 735 941 781 optimo
966 739 1187 780 praeceptore
1217 733 1380 773 Palladio,
1408 733 1504 778 cujus
1527 733 1672 779 vestigiis

257 804 382 839 sanetis
410 801 557 837 firmiter
581 799 697 839 haefit,
728 804 767 833 ut
790 799 864 845 jam
896 798 947 832 vir
975 798 1087 833 factus
1118 798 1271 833 omnium
1300 796 1518 832 scientiarum
1546 808 1672 842 genere

258 866 401 902 evaserit
430 862 711 900 instruetiffimus.
761 862 899 896 Morum
928 860 1103 899 suavitate,
1136 861 1226 896 vitae
1257 860 1457 907 integritate
1486 865 1521 894 et
1550 859 1672 895 sanfifi-

258 930 381 970 monia,
411 940 451 963 ac
481 926 642 974 singulari
672 925 839 965 do&rina‚
868 924 1082 971 splendorem
1111 924 1246 971 generis
1275 936 1343 958 non
1373 923 1532 969 aequavit
1561 924 1672 963 modo,

258 996 314 1030 sed
342 995 446 1029 etiam
476 992 657 1039 superavit.
710 990 771 1024 Vir
797 1002 818 1024 a
843 995 967 1024 natura
986 988 1086 1034 plane
1114 989 1157 1023 ad
1184 989 1348 1022 virtutem
1373 992 1407 1022 et
1432 988 1540 1022 bonas
1557 987 1674 1022 literas

259 1057 474 1104 capessendas
502 1056 614 1090 faetus
644 1060 679 1088 et
708 1054 883 1091 formatus,
914 1053 957 1086 ad
988 1052 1167 1086 industrios
1197 1052 1300 1086 etiam
1326 1051 1549 1086 studiosorum
1574 1063 1675 1086 cona-

259 1128 315 1157 tus
356 1119 606 1167 promovendos
648 1122 757 1156 natus,
801 1116 859 1162 qui
904 1121 976 1150 tam
1017 1116 1159 1150 ardente
1202 1115 1423 1161 perse&ionis
1465 1115 1674 1149 Christianae

260 1185 428 1231 flagrabat
464 1194 590 1221 amore,
624 1186 663 1214 ut
703 1180 744 1214 de
785 1179 911 1213 virtute
952 1178 986 1212 in
1020 1179 1185 1213 virtutem
1227 1178 1424 1224 procedens,
1468 1178 1600 1224 semper
1642 1178 1674 1212 se

261 1249 438 1284 meliorem
455 1246 529 1281 fieri
555 1244 787 1279 contenderet.
840 1242 945 1276 Bonis
969 1243 1109 1277 tandem
1137 1243 1245 1277 literis
1271 1248 1304 1276 et
1331 1242 1465 1276 eximiis
1491 1242 1676 1276 virtutibus

263 1312 415 1350 ducibus,
446 1308 594 1345 successu
626 1307 791 1353 temporis
824 1306 867 1340 ad
897 1306 1046 1340 Orcades
1079 1306 1203 1340 insulas
1237 1318 1324 1345 eum,
1356 1305 1568 1351 episcopatus
1598 1317 1676 1339 auc-

262 1376 403 1411 toritate
430 1373 652 1411 cumulatum,
677 1376 716 1405 ut
739 1375 879 1416 gentem
902 1369 949 1403 ibi
972 1369 1094 1404 rudem
1123 1375 1158 1404 et
1186 1370 1368 1403 barbaram
1391 1369 1457 1402 fide
1489 1368 1677 1403 Christiana

264 1441 444 1477 imbueret,
489 1436 663 1471 Palladius
705 1433 876 1479 allegavit,
911 1438 950 1467 ut
984 1433 1134 1468 Orcades
1170 1438 1205 1467 et
1238 1432 1415 1467 Insulanos
1448 1432 1525 1465 illos
1566 1432 1677 1466 Chris-

264 1504 378 1538 tianae
403 1500 577 1547 religionis
599 1499 731 1533 cultum
753 1498 910 1536 doceret3
935 1497 1026 1542 quod
1049 1502 1084 1531 et
1106 1496 1248 1531 studiose
1271 1496 1361 1534 fecit,
1383 1501 1481 1530 tanto
1504 1495 1677 1541 religionis

266 1566 468 1614 pietatisque
509 1562 734 1610 proferendae
775 1560 883 1595 studio
919 1560 1021 1594 officii
1054 1561 1103 1594 sui
1145 1565 1260 1606 partes
1302 1559 1474 1594 cumulate
1517 1559 1676 1604 explevit,

266 1631 392 1677 partim
421 1626 573 1663 haeresin
598 1625 819 1672 Pelagianam
849 1636 892 1658 ex
919 1622 1158 1658 Insulanorum
1183 1623 1306 1658 animis
1335 1623 1521 1662 evellendo,
1552 1622 1677 1668 partini

267 1694 441 1741 religionis
466 1692 652 1739 puritatem
678 1690 815 1725 illorum
835 1690 907 1735 jam
933 1688 1087 1735 purgatis
1112 1687 1234 1722 animis
1261 1687 1461 1725 instillando‚
1489 1691 1528 1720 ut
1555 1686 1678 1720 merito

269 1759 327 1793 fibi
363 1769 488 1792 nomen
517 1754 712 1790 immortale
745 1757 969 1799 compararet,
995 1757 1030 1786 et
1056 1751 1227 1785 Orcadum
1256 1750 1435 1796 Apostolus
1460 1749 1573 1795 postea
1602 1761 1679 1783 cen-

270 1824 408 1857 seretur.
476 1820 730 1865 Kentigernum
764 1817 906 1852 Scotum
942 1816 1034 1851 inter
1072 1815 1156 1849 alios
1195 1814 1322 1848 multos
1356 1813 1555 1859 discipulum
1589 1812 1681 1847 obse·-

271 1883 522 1931 quentisfimum
555 1882 703 1921 habuit;
738 1880 797 1926 qui
829 1879 944 1926 postea
977 1891 1046 1913 non
1079 1883 1215 1912 tantum
1249 1877 1285 1911 in
1325 1876 1522 1916 Orcadibus‚
1556 1876 1612 1910 sed
1645 1876 1680 1910 iu

272 1948 374 1984 variis
407 1947 511 1982 etiam
546 1945 681 1980 Scotiae
715 1944 879 1991 partibus,
913 1943 1047 1978 strenue
1080 1947 1115 1976 et
1147 1941 1295 1976 fideliter
1327 1952 1444 1975 veram
1477 1939 1599 1975 Christi
1628 1951 1681 1974 re-

272 2013 434 2060 ligionem
466 2009 678 2057 propagavit.
743 2005 922 2054 Congesfit,
952 2012 992 2040 ut
1024 2006 1191 2041 testantia·
1224 2005 1399 2044 Boethius,
1433 2003 1611 2043 Lelandus‚
1645 2008 1680 2037 et

275 2074 562 2114 Scotichronicon‚

418 2138 474 2173 Ad
491 2136 698 2172 Orcadianos
715 2134 790 2169 illos
807 2133 972 2180 Epistolas
989 2133 1112 2178 plures,
1130 2132 1187 2166 lib.
1206 2143 1228 2165 1.

418 2202 547 2236 Contra
564 2200 827 2246 Pelagianorum
845 2195 1016 2236 Haeresm,
1035 2196 1092 2230 lib.
1111 2206 1134 2229 1.

421 2266 472 2299 De
490 2264 675 2299 Charitate.
693 2263 751 2297 lib.
770 2273 793 2296 1.
