<?xml version="1.0" encoding="UTF-8"?>
<!DOCTYPE html PUBLIC "-//W3C//DTD XHTML 1.0 Transitional//EN"
    "http://www.w3.org/TR/xhtml1/DTD/xhtml1-transitional.dtd">
<html xmlns="http://www.w3.org/1999/xhtml" xml:lang="en" lang="en">
 <head>
  <title>
</title>
<meta http-equiv="Content-Type" content="text/html;charset=utf-8" />
  <meta name='ocr-system' content='tesseract 3.04.00' />
  <meta name='ocr-capabilities' content='ocr_page ocr_carea ocr_par ocr_line ocrx_word'/>
</head>
<body>
  <div class='ocr_page' id='page_1' title='image "./davidisbuchanani00bann_0130.png"; bbox 0 0 1913 2692; ppageno 0'>
   <div class='ocr_carea' id='block_1_1' title="bbox 252 213 1268 246">
    <p class='ocr_par' dir='ltr' id='par_1_1' title="bbox 252 213 1268 246">
     <span class='ocr_line' id='line_1_1' title="bbox 252 213 1268 246; baseline 0 -3"><span class='ocrx_word' id='word_1_1' title='bbox 252 214 314 244; x_wconf 88' lang='lat'>108</span> <span class='ocrx_word' id='word_1_2' title='bbox 642 215 704 245; x_wconf 89' lang='lat' dir='ltr'>DE</span> <span class='ocrx_word' id='word_1_3' title='bbox 739 213 1071 246; x_wconf 86' lang='lat' dir='ltr'>SCRIPTORIBUS</span> <span class='ocrx_word' id='word_1_4' title='bbox 1106 215 1268 246; x_wconf 84' lang='lat' dir='ltr'>SCOTIS.</span> 
     </span>
    </p>
   </div>
   <div class='ocr_carea' id='block_1_2' title="bbox 247 305 1698 2270">
    <p class='ocr_par' dir='ltr' id='par_1_2' title="bbox 247 305 1698 2270">
     <span class='ocr_line' id='line_1_2' title="bbox 247 305 1668 355; baseline 0.003 -16"><span class='ocrx_word' id='word_1_5' title='bbox 247 310 303 339; x_wconf 87' lang='lat' dir='ltr'>tus</span> <span class='ocrx_word' id='word_1_6' title='bbox 328 305 459 340; x_wconf 87' lang='lat' dir='ltr'>habens</span> <span class='ocrx_word' id='word_1_7' title='bbox 483 305 688 352; x_wconf 71' lang='lat' dir='ltr'>perspectos,</span> <span class='ocrx_word' id='word_1_8' title='bbox 711 318 780 342; x_wconf 89' lang='lat' dir='ltr'>non</span> <span class='ocrx_word' id='word_1_9' title='bbox 803 306 949 341; x_wconf 89' lang='lat' dir='ltr'>otiosum</span> <span class='ocrx_word' id='word_1_10' title='bbox 974 305 1213 352; x_wconf 70' lang='lat' dir='ltr'>spectatorem,</span> <span class='ocrx_word' id='word_1_11' title='bbox 1235 306 1291 342; x_wconf 89' lang='lat' dir='ltr'>sed</span> <span class='ocrx_word' id='word_1_12' title='bbox 1314 307 1488 342; x_wconf 79' lang='lat' dir='ltr'>strenuum</span> <span class='ocrx_word' id='word_1_13' title='bbox 1512 307 1546 343; x_wconf 88' lang='lat' dir='ltr'>se</span> <span class='ocrx_word' id='word_1_14' title='bbox 1571 320 1668 355; x_wconf 85' lang='lat' dir='ltr'>prae-</span> 
     </span>
     <span class='ocr_line' id='line_1_3' title="bbox 249 368 1668 418; baseline 0.002 -15"><span class='ocrx_word' id='word_1_15' title='bbox 249 369 323 403; x_wconf 91' lang='lat' dir='ltr'>buit</span> <span class='ocrx_word' id='word_1_16' title='bbox 357 368 561 415; x_wconf 87' lang='lat' dir='ltr'>operarium.</span> <span class='ocrx_word' id='word_1_17' title='bbox 620 369 771 405; x_wconf 83' lang='lat' dir='ltr'>Salutari</span> <span class='ocrx_word' id='word_1_18' title='bbox 805 370 934 405; x_wconf 85' lang='lat' dir='ltr'>etenim</span> <span class='ocrx_word' id='word_1_19' title='bbox 968 369 1128 404; x_wconf 56' lang='lat' dir='ltr'>doctrina</span> <span class='ocrx_word' id='word_1_20' title='bbox 1160 371 1340 417; x_wconf 81' lang='lat' dir='ltr'>bonaeque</span> <span class='ocrx_word' id='word_1_21' title='bbox 1374 370 1465 406; x_wconf 78' lang='lat' dir='ltr'>vitae</span> <span class='ocrx_word' id='word_1_22' title='bbox 1499 372 1668 418; x_wconf 86' lang='lat' dir='ltr'>exemplo,</span> 
     </span>
     <span class='ocr_line' id='line_1_4' title="bbox 249 433 1669 482; baseline 0.004 -16"><span class='ocrx_word' id='word_1_23' title='bbox 249 433 376 468; x_wconf 86' lang='lat' dir='ltr'>multos</span> <span class='ocrx_word' id='word_1_24' title='bbox 400 434 444 468; x_wconf 87' lang='lat' dir='ltr'>ab</span> <span class='ocrx_word' id='word_1_25' title='bbox 474 433 648 468; x_wconf 86' lang='lat' dir='ltr'>erroribus</span> <span class='ocrx_word' id='word_1_26' title='bbox 676 433 720 468; x_wconf 88' lang='lat' dir='ltr'>ad</span> <span class='ocrx_word' id='word_1_27' title='bbox 746 433 937 474; x_wconf 88' lang='lat' dir='ltr'>veritatem,</span> <span class='ocrx_word' id='word_1_28' title='bbox 964 446 986 468; x_wconf 89' lang='lat' dir='ltr'>a</span> <span class='ocrx_word' id='word_1_29' title='bbox 1012 433 1104 468; x_wconf 81' lang='lat' dir='ltr'>vitiis</span> <span class='ocrx_word' id='word_1_30' title='bbox 1130 434 1174 469; x_wconf 90' lang='lat' dir='ltr'>ad</span> <span class='ocrx_word' id='word_1_31' title='bbox 1202 435 1367 470; x_wconf 86' lang='lat' dir='ltr'>virtutem</span> <span class='ocrx_word' id='word_1_32' title='bbox 1403 435 1574 482; x_wconf 82' lang='lat' dir='ltr'>perduxit,</span> <span class='ocrx_word' id='word_1_33' title='bbox 1600 447 1669 471; x_wconf 89' lang='lat' dir='ltr'>non</span> 
     </span>
     <span class='ocr_line' id='line_1_5' title="bbox 250 495 1670 546; baseline 0.003 -15"><span class='ocrx_word' id='word_1_34' title='bbox 250 496 317 531; x_wconf 80' lang='lat' dir='ltr'>sine</span> <span class='ocrx_word' id='word_1_35' title='bbox 340 496 540 542; x_wconf 88' lang='lat' dir='ltr'>quotidiano</span> <span class='ocrx_word' id='word_1_36' title='bbox 566 495 657 530; x_wconf 88' lang='lat' dir='ltr'>vitae</span> <span class='ocrx_word' id='word_1_37' title='bbox 683 496 885 530; x_wconf 84' lang='lat' dir='ltr'>discrimine.</span> <span class='ocrx_word' id='word_1_38' title='bbox 929 497 1021 531; x_wconf 85' lang='lat' dir='ltr'>“Vir</span> <span class='ocrx_word' id='word_1_39' title='bbox 1045 509 1115 532; x_wconf 91' lang='lat' dir='ltr'>non</span> <span class='ocrx_word' id='word_1_40' title='bbox 1137 499 1279 534; x_wconf 86' lang='lat' dir='ltr'>minoris</span> <span class='ocrx_word' id='word_1_41' title='bbox 1301 499 1530 540; x_wconf 87' lang='lat' dir='ltr'>literatu1·ae,”</span> <span class='ocrx_word' id='word_1_42' title='bbox 1558 500 1670 546; x_wconf 86' lang='lat' dir='ltr'>inquit</span> 
     </span>
     <span class='ocr_line' id='line_1_6' title="bbox 250 559 1670 610; baseline 0.003 -15"><span class='ocrx_word' id='word_1_43' title='bbox 250 560 384 600; x_wconf 85' lang='lat' dir='ltr'>Baleus,</span> <span class='ocrx_word' id='word_1_44' title='bbox 420 566 438 578; x_wconf 92' lang='grc'>“</span> <span class='ocrx_word' id='word_1_45' title='bbox 456 572 561 606; x_wconf 88' lang='lat' dir='ltr'>quam</span> <span class='ocrx_word' id='word_1_46' title='bbox 575 573 578 576; x_wconf 53' lang='lat'><strong>⁴</strong></span> <span class='ocrx_word' id='word_1_47' title='bbox 594 559 740 600; x_wconf 80' lang='lat' dir='ltr'>virtutis,</span> <span class='ocrx_word' id='word_1_48' title='bbox 776 560 990 606; x_wconf 87' lang='lat' dir='ltr'>eloquiorum</span> <span class='ocrx_word' id='word_1_49' title='bbox 1025 561 1090 595; x_wconf 89' lang='lat' dir='ltr'>Dei</span> <span class='ocrx_word' id='word_1_50' title='bbox 1124 561 1286 608; x_wconf 84' lang='lat' dir='ltr'>dogmata</span> <span class='ocrx_word' id='word_1_51' title='bbox 1319 563 1509 599; x_wconf 81' lang='lat' dir='ltr'>Christiano</span> <span class='ocrx_word' id='word_1_52' title='bbox 1542 564 1670 610; x_wconf 89' lang='lat' dir='ltr'>populo</span> 
     </span>
     <span class='ocr_line' id='line_1_7' title="bbox 249 623 1671 675; baseline 0.004 -17"><span class='ocrx_word' id='word_1_53' title='bbox 249 623 419 670; x_wconf 80' lang='lat' dir='ltr'>intrepide</span> <span class='ocrx_word' id='word_1_54' title='bbox 444 635 647 670; x_wconf 89' lang='lat' dir='ltr'>proponens,</span> <span class='ocrx_word' id='word_1_55' title='bbox 673 635 742 659; x_wconf 89' lang='lat' dir='ltr'>non</span> <span class='ocrx_word' id='word_1_56' title='bbox 768 624 946 671; x_wconf 85' lang='lat' dir='ltr'>vulgarem</span> <span class='ocrx_word' id='word_1_57' title='bbox 970 624 1063 671; x_wconf 89' lang='lat' dir='ltr'>apud</span> <span class='ocrx_word' id='word_1_58' title='bbox 1088 624 1164 660; x_wconf 90' lang='lat' dir='ltr'>suos</span> <span class='ocrx_word' id='word_1_59' title='bbox 1188 630 1264 660; x_wconf 87' lang='lat' dir='ltr'>tum</span> <span class='ocrx_word' id='word_1_60' title='bbox 1291 626 1411 661; x_wconf 85' lang='lat' dir='ltr'>Scotos</span> <span class='ocrx_word' id='word_1_61' title='bbox 1436 632 1512 661; x_wconf 83' lang='lat' dir='ltr'>tum</span> <span class='ocrx_word' id='word_1_62' title='bbox 1540 629 1671 675; x_wconf 88' lang='lat' dir='ltr'>Anglos</span> 
     </span>
     <span class='ocr_line' id='line_1_8' title="bbox 249 687 1670 734; baseline 0.002 -12"><span class='ocrx_word' id='word_1_63' title='bbox 249 687 396 734; x_wconf 82' lang='lat' dir='ltr'>gratiam</span> <span class='ocrx_word' id='word_1_64' title='bbox 435 687 556 722; x_wconf 82' lang='lat' dir='ltr'>inibat.</span> <span class='ocrx_word' id='word_1_65' title='bbox 621 687 689 729; x_wconf 83' lang='lat' dir='ltr'>Qui</span> <span class='ocrx_word' id='word_1_66' title='bbox 724 700 814 722; x_wconf 87' lang='lat' dir='ltr'>anno</span> <span class='ocrx_word' id='word_1_67' title='bbox 848 687 989 722; x_wconf 88' lang='lat' dir='ltr'>Domini</span> <span class='ocrx_word' id='word_1_68' title='bbox 1025 689 1117 723; x_wconf 84' lang='lat'>1550</span> <span class='ocrx_word' id='word_1_69' title='bbox 1152 688 1189 723; x_wconf 90' lang='lat' dir='ltr'>in</span> <span class='ocrx_word' id='word_1_70' title='bbox 1221 694 1316 724; x_wconf 83' lang='lat' dir='ltr'>terra</span> <span class='ocrx_word' id='word_1_71' title='bbox 1353 689 1571 725; x_wconf 88' lang='lat' dir='ltr'>Dunelmenfi</span> <span class='ocrx_word' id='word_1_72' title='bbox 1605 691 1670 725; x_wconf 92' lang='lat' dir='ltr'>Dei</span> 
     </span>
     <span class='ocr_line' id='line_1_9' title="bbox 251 751 1671 800; baseline 0.002 -14"><span class='ocrx_word' id='word_1_73' title='bbox 251 752 395 787; x_wconf 87' lang='lat' dir='ltr'>verbum</span> <span class='ocrx_word' id='word_1_74' title='bbox 420 751 641 792; x_wconf 80' lang='lat' dir='ltr'>annuncians,</span> <span class='ocrx_word' id='word_1_75' title='bbox 668 752 809 787; x_wconf 65' lang='lat' dir='ltr'>coactus</span> <span class='ocrx_word' id='word_1_76' title='bbox 836 752 883 787; x_wconf 85' lang='lat' dir='ltr'>est</span> <span class='ocrx_word' id='word_1_77' title='bbox 910 763 1026 786; x_wconf 88' lang='lat' dir='ltr'>coram</span> <span class='ocrx_word' id='word_1_78' title='bbox 1054 751 1210 798; x_wconf 86' lang='lat' dir='ltr'>episcopo</span> <span class='ocrx_word' id='word_1_79' title='bbox 1238 752 1408 788; x_wconf 81' lang='lat' dir='ltr'>Tonstallo</span> <span class='ocrx_word' id='word_1_80' title='bbox 1432 758 1467 788; x_wconf 86' lang='lat' dir='ltr'>et</span> <span class='ocrx_word' id='word_1_81' title='bbox 1496 753 1569 800; x_wconf 85' lang='lat' dir='ltr'>ejus</span> <span class='ocrx_word' id='word_1_82' title='bbox 1593 755 1671 789; x_wconf 90' lang='lat' dir='ltr'>doc-</span> 
     </span>
     <span class='ocr_line' id='line_1_10' title="bbox 249 814 1670 864; baseline 0.001 -14"><span class='ocrx_word' id='word_1_83' title='bbox 249 816 382 851; x_wconf 82' lang='lat' dir='ltr'>toribus</span> <span class='ocrx_word' id='word_1_84' title='bbox 415 815 515 862; x_wconf 85' lang='lat' dir='ltr'>super</span> <span class='ocrx_word' id='word_1_85' title='bbox 548 814 645 852; x_wconf 82' lang='lat' dir='ltr'>miffa</span> <span class='ocrx_word' id='word_1_86' title='bbox 677 815 838 862; x_wconf 88' lang='lat' dir='ltr'>papistica</span> <span class='ocrx_word' id='word_1_87' title='bbox 871 816 1068 863; x_wconf 91' lang='lat' dir='ltr'>opinionem</span> <span class='ocrx_word' id='word_1_88' title='bbox 1102 816 1197 851; x_wconf 88' lang='lat' dir='ltr'>suam</span> <span class='ocrx_word' id='word_1_89' title='bbox 1231 816 1353 858; x_wconf 82' lang='lat' dir='ltr'>dicere,</span> <span class='ocrx_word' id='word_1_90' title='bbox 1388 823 1423 852; x_wconf 89' lang='lat' dir='ltr'>et</span> <span class='ocrx_word' id='word_1_91' title='bbox 1457 823 1581 864; x_wconf 89' lang='lat' dir='ltr'>quarto</span> <span class='ocrx_word' id='word_1_92' title='bbox 1616 818 1670 853; x_wconf 91' lang='lat' dir='ltr'>die</span> 
     </span>
     <span class='ocr_line' id='line_1_11' title="bbox 251 879 1671 927; baseline 0.001 -13"><span class='ocrx_word' id='word_1_93' title='bbox 251 881 379 927; x_wconf 85' lang='lat' dir='ltr'>Aprilis</span> <span class='ocrx_word' id='word_1_94' title='bbox 399 880 548 926; x_wconf 87' lang='lat' dir='ltr'>ejusdem</span> <span class='ocrx_word' id='word_1_95' title='bbox 570 880 651 914; x_wconf 89' lang='lat' dir='ltr'>anni</span> <span class='ocrx_word' id='word_1_96' title='bbox 673 880 830 926; x_wconf 84' lang='lat' dir='ltr'>aperiens</span> <span class='ocrx_word' id='word_1_97' title='bbox 854 880 889 915; x_wconf 90' lang='lat' dir='ltr'>in</span> <span class='ocrx_word' id='word_1_98' title='bbox 910 879 1074 916; x_wconf 85' lang='lat' dir='ltr'>concione</span> <span class='ocrx_word' id='word_1_99' title='bbox 1096 880 1168 926; x_wconf 89' lang='lat' dir='ltr'>ejus</span> <span class='ocrx_word' id='word_1_100' title='bbox 1194 880 1404 916; x_wconf 82' lang='lat' dir='ltr'>idololatrias</span> <span class='ocrx_word' id='word_1_101' title='bbox 1425 887 1460 916; x_wconf 90' lang='lat' dir='ltr'>et</span> <span class='ocrx_word' id='word_1_102' title='bbox 1483 882 1671 917; x_wconf 89' lang='lat' dir='ltr'>horrendas</span> 
     </span>
     <span class='ocr_line' id='line_1_12' title="bbox 249 943 1670 992; baseline 0.001 -13"><span class='ocrx_word' id='word_1_103' title='bbox 249 944 484 991; x_wconf 82' lang='lat' dir='ltr'>blasphemias,</span> <span class='ocrx_word' id='word_1_104' title='bbox 517 949 589 979; x_wconf 89' lang='lat' dir='ltr'>tam</span> <span class='ocrx_word' id='word_1_105' title='bbox 619 943 733 979; x_wconf 91' lang='lat' dir='ltr'>solidis</span> <span class='ocrx_word' id='word_1_106' title='bbox 762 944 974 991; x_wconf 82' lang='lat' dir='ltr'>argumentis</span> <span class='ocrx_word' id='word_1_107' title='bbox 1002 944 1294 980; x_wconf 81' lang='lat' dir='ltr'>abominationem</span> <span class='ocrx_word' id='word_1_108' title='bbox 1321 944 1387 980; x_wconf 82' lang='lat' dir='ltr'>effe</span> <span class='ocrx_word' id='word_1_109' title='bbox 1417 946 1595 992; x_wconf 81' lang='lat' dir='ltr'>probabat,</span> <span class='ocrx_word' id='word_1_110' title='bbox 1622 951 1670 985; x_wconf 88' lang='lat' dir='ltr'>ut,</span> 
     </span>
     <span class='ocr_line' id='line_1_13' title="bbox 249 1007 1670 1056; baseline -0.001 -12"><span class='ocrx_word' id='word_1_111' title='bbox 249 1021 328 1044; x_wconf 84' lang='lat' dir='ltr'>cum</span> <span class='ocrx_word' id='word_1_112' title='bbox 361 1008 519 1043; x_wconf 88' lang='lat' dir='ltr'>omnibus</span> <span class='ocrx_word' id='word_1_113' title='bbox 553 1007 661 1042; x_wconf 77' lang='lat' dir='ltr'>sciolis</span> <span class='ocrx_word' id='word_1_114' title='bbox 696 1007 878 1043; x_wconf 88' lang='lat' dir='ltr'>Saturnius</span> <span class='ocrx_word' id='word_1_115' title='bbox 912 1008 969 1043; x_wconf 87' lang='lat' dir='ltr'>ille</span> <span class='ocrx_word' id='word_1_116' title='bbox 1004 1008 1190 1044; x_wconf 81' lang='lat' dir='ltr'>somniator</span> <span class='ocrx_word' id='word_1_117' title='bbox 1225 1009 1391 1056; x_wconf 85' lang='lat' dir='ltr'>refragari</span> <span class='ocrx_word' id='word_1_118' title='bbox 1425 1021 1495 1045; x_wconf 92' lang='lat' dir='ltr'>non</span> <span class='ocrx_word' id='word_1_119' title='bbox 1535 1008 1670 1056; x_wconf 85' lang='lat' dir='ltr'>poffet.”</span> 
     </span>
     <span class='ocr_line' id='line_1_14' title="bbox 250 1072 1671 1121; baseline 0.001 -13"><span class='ocrx_word' id='word_1_120' title='bbox 250 1074 383 1108; x_wconf 86' lang='lat' dir='ltr'>Deinde</span> <span class='ocrx_word' id='word_1_121' title='bbox 407 1073 442 1107; x_wconf 91' lang='lat' dir='ltr'>in</span> <span class='ocrx_word' id='word_1_122' title='bbox 461 1072 612 1107; x_wconf 86' lang='lat' dir='ltr'>Scotiam</span> <span class='ocrx_word' id='word_1_123' title='bbox 629 1085 650 1107; x_wconf 89' lang='lat' dir='ltr'>a</span> <span class='ocrx_word' id='word_1_124' title='bbox 668 1072 850 1107; x_wconf 83' lang='lat' dir='ltr'>comitibus</span> <span class='ocrx_word' id='word_1_125' title='bbox 872 1073 1046 1108; x_wconf 85' lang='lat' dir='ltr'>Mortonio</span> <span class='ocrx_word' id='word_1_126' title='bbox 1064 1079 1099 1107; x_wconf 88' lang='lat' dir='ltr'>et</span> <span class='ocrx_word' id='word_1_127' title='bbox 1116 1073 1272 1108; x_wconf 88' lang='lat' dir='ltr'>Moravio</span> <span class='ocrx_word' id='word_1_128' title='bbox 1297 1079 1447 1113; x_wconf 81' lang='lat' dir='ltr'>vocatus,</span> <span class='ocrx_word' id='word_1_129' title='bbox 1466 1074 1538 1121; x_wconf 88' lang='lat' dir='ltr'>post</span> <span class='ocrx_word' id='word_1_130' title='bbox 1559 1074 1671 1109; x_wconf 86' lang='lat' dir='ltr'>varias</span> 
     </span>
     <span class='ocr_line' id='line_1_15' title="bbox 249 1136 1670 1184; baseline 0.001 -13"><span class='ocrx_word' id='word_1_131' title='bbox 249 1136 440 1182; x_wconf 78' lang='lat' dir='ltr'>multasque</span> <span class='ocrx_word' id='word_1_132' title='bbox 470 1136 731 1182; x_wconf 85' lang='lat' dir='ltr'>disceptationes</span> <span class='ocrx_word' id='word_1_133' title='bbox 758 1148 836 1170; x_wconf 89' lang='lat' dir='ltr'>cum</span> <span class='ocrx_word' id='word_1_134' title='bbox 866 1136 1058 1181; x_wconf 86' lang='lat' dir='ltr'>pontificiis,</span> <span class='ocrx_word' id='word_1_135' title='bbox 1087 1137 1123 1171; x_wconf 93' lang='lat' dir='ltr'>in</span> <span class='ocrx_word' id='word_1_136' title='bbox 1160 1137 1354 1173; x_wconf 85' lang='lat' dir='ltr'>scholastica</span> <span class='ocrx_word' id='word_1_137' title='bbox 1379 1137 1554 1184; x_wconf 83' lang='lat' dir='ltr'>theologia</span> <span class='ocrx_word' id='word_1_138' title='bbox 1583 1139 1670 1172; x_wconf 89' lang='lat' dir='ltr'>mul-</span> 
     </span>
     <span class='ocr_line' id='line_1_16' title="bbox 249 1199 1668 1247; baseline 0 -12"><span class='ocrx_word' id='word_1_139' title='bbox 249 1207 323 1235; x_wconf 82' lang='lat' dir='ltr'>tum</span> <span class='ocrx_word' id='word_1_140' title='bbox 356 1199 503 1239; x_wconf 81' lang='lat' dir='ltr'>versatis,</span> <span class='ocrx_word' id='word_1_141' title='bbox 537 1200 596 1245; x_wconf 89' lang='lat' dir='ltr'>pio</span> <span class='ocrx_word' id='word_1_142' title='bbox 629 1199 737 1234; x_wconf 82' lang='lat' dir='ltr'>studio</span> <span class='ocrx_word' id='word_1_143' title='bbox 772 1199 1008 1235; x_wconf 79' lang='lat' dir='ltr'>iustam-andae</span> <span class='ocrx_word' id='word_1_144' title='bbox 1042 1200 1217 1247; x_wconf 83' lang='lat' dir='ltr'>religionis</span> <span class='ocrx_word' id='word_1_145' title='bbox 1251 1201 1463 1236; x_wconf 83' lang='lat' dir='ltr'>orthodoxae</span> <span class='ocrx_word' id='word_1_146' title='bbox 1496 1201 1668 1242; x_wconf 85' lang='lat' dir='ltr'>incitatus,</span> 
     </span>
     <span class='ocr_line' id='line_1_17' title="bbox 249 1263 1669 1310; baseline 0.001 -12"><span class='ocrx_word' id='word_1_147' title='bbox 249 1264 317 1310; x_wconf 87' lang='lat' dir='ltr'>ipse</span> <span class='ocrx_word' id='word_1_148' title='bbox 347 1263 548 1310; x_wconf 84' lang='lat' dir='ltr'>apostolicus</span> <span class='ocrx_word' id='word_1_149' title='bbox 578 1263 678 1309; x_wconf 82' lang='lat' dir='ltr'>plane</span> <span class='ocrx_word' id='word_1_150' title='bbox 717 1263 770 1297; x_wconf 89' lang='lat' dir='ltr'>vir</span> <span class='ocrx_word' id='word_1_151' title='bbox 798 1275 923 1309; x_wconf 85' lang='lat' dir='ltr'>magna</span> <span class='ocrx_word' id='word_1_152' title='bbox 953 1275 996 1298; x_wconf 78' lang='lat' dir='ltr'>ex</span> <span class='ocrx_word' id='word_1_153' title='bbox 1026 1268 1125 1310; x_wconf 88' lang='lat' dir='ltr'>parte</span> <span class='ocrx_word' id='word_1_154' title='bbox 1156 1276 1232 1299; x_wconf 88' lang='lat' dir='ltr'>eam</span> <span class='ocrx_word' id='word_1_155' title='bbox 1262 1276 1281 1299; x_wconf 91' lang='lat' dir='ltr'>e</span> <span class='ocrx_word' id='word_1_156' title='bbox 1311 1263 1463 1299; x_wconf 84' lang='lat' dir='ltr'>tenebris</span> <span class='ocrx_word' id='word_1_157' title='bbox 1492 1263 1528 1299; x_wconf 90' lang='lat' dir='ltr'>in</span> <span class='ocrx_word' id='word_1_158' title='bbox 1557 1264 1669 1299; x_wconf 88' lang='lat' dir='ltr'>lucem</span> 
     </span>
     <span class='ocr_line' id='line_1_18' title="bbox 249 1327 1671 1375; baseline 0.001 -13"><span class='ocrx_word' id='word_1_159' title='bbox 249 1328 420 1374; x_wconf 79' lang='lat' dir='ltr'>produxit,</span> <span class='ocrx_word' id='word_1_160' title='bbox 448 1327 550 1374; x_wconf 83' lang='lat' dir='ltr'>idque</span> <span class='ocrx_word' id='word_1_161' title='bbox 576 1332 651 1362; x_wconf 83' lang='lat' dir='ltr'>tum</span> <span class='ocrx_word' id='word_1_162' title='bbox 676 1327 809 1374; x_wconf 87' lang='lat' dir='ltr'>scriptis</span> <span class='ocrx_word' id='word_1_163' title='bbox 832 1327 867 1362; x_wconf 92' lang='lat' dir='ltr'>in</span> <span class='ocrx_word' id='word_1_164' title='bbox 893 1327 1070 1373; x_wconf 70' lang='lat' dir='ltr'>publiciun</span> <span class='ocrx_word' id='word_1_165' title='bbox 1094 1327 1282 1375; x_wconf 75' lang='lat' dir='ltr'>propositis,</span> <span class='ocrx_word' id='word_1_166' title='bbox 1305 1332 1381 1362; x_wconf 89' lang='lat' dir='ltr'>tum</span> <span class='ocrx_word' id='word_1_167' title='bbox 1406 1328 1515 1363; x_wconf 87' lang='lat' dir='ltr'>libera</span> <span class='ocrx_word' id='word_1_168' title='bbox 1537 1328 1671 1374; x_wconf 86' lang='lat' dir='ltr'>semper</span> 
     </span>
     <span class='ocr_line' id='line_1_19' title="bbox 249 1391 1698 1439; baseline -0.001 -12"><span class='ocrx_word' id='word_1_169' title='bbox 249 1391 448 1439; x_wconf 76' lang='lat' dir='ltr'>professione</span> <span class='ocrx_word' id='word_1_170' title='bbox 487 1397 592 1438; x_wconf 89' lang='lat' dir='ltr'>atque</span> <span class='ocrx_word' id='word_1_171' title='bbox 629 1392 705 1426; x_wconf 87' lang='lat' dir='ltr'>viva</span> <span class='ocrx_word' id='word_1_172' title='bbox 739 1403 830 1426; x_wconf 77' lang='lat' dir='ltr'>voce.</span> <span class='ocrx_word' id='word_1_173' title='bbox 900 1392 1053 1426; x_wconf 84' lang='lat' dir='ltr'>Tandem</span> <span class='ocrx_word' id='word_1_174' title='bbox 1090 1391 1349 1426; x_wconf 88' lang='lat' dir='ltr'>matrimonium</span> <span class='ocrx_word' id='word_1_175' title='bbox 1384 1392 1556 1427; x_wconf 85' lang='lat' dir='ltr'>contraxit</span> <span class='ocrx_word' id='word_1_176' title='bbox 1590 1404 1667 1427; x_wconf 91' lang='lat' dir='ltr'>cum</span> <span class='ocrx_word' id='word_1_177' title='bbox 1694 1427 1698 1430; x_wconf 72' lang='grc'>,</span> 
     </span>
     <span class='ocr_line' id='line_1_20' title="bbox 248 1455 1668 1502; baseline -0.001 -11"><span class='ocrx_word' id='word_1_178' title='bbox 248 1457 319 1492; x_wconf 88' lang='lat' dir='ltr'>filia</span> <span class='ocrx_word' id='word_1_179' title='bbox 352 1456 545 1492; x_wconf 80' lang='lat' dir='ltr'>nobiliffimi</span> <span class='ocrx_word' id='word_1_180' title='bbox 579 1462 613 1491; x_wconf 88' lang='lat' dir='ltr'>et</span> <span class='ocrx_word' id='word_1_181' title='bbox 650 1455 820 1491; x_wconf 86' lang='lat' dir='ltr'>clariffimi</span> <span class='ocrx_word' id='word_1_182' title='bbox 854 1456 983 1490; x_wconf 88' lang='lat' dir='ltr'>domini</span> <span class='ocrx_word' id='word_1_183' title='bbox 1017 1456 1060 1490; x_wconf 90' lang='lat' dir='ltr'>de</span> <span class='ocrx_word' id='word_1_184' title='bbox 1094 1455 1280 1502; x_wconf 79' lang='lat' dir='ltr'>Ockyltrie,</span> <span class='ocrx_word' id='word_1_185' title='bbox 1315 1467 1394 1490; x_wconf 90' lang='lat' dir='ltr'>cum</span> <span class='ocrx_word' id='word_1_186' title='bbox 1423 1468 1491 1502; x_wconf 89' lang='lat' dir='ltr'>qua</span> <span class='ocrx_word' id='word_1_187' title='bbox 1522 1455 1668 1491; x_wconf 84' lang='lat' dir='ltr'>feliciter</span> 
     </span>
     <span class='ocr_line' id='line_1_21' title="bbox 250 1519 1670 1568; baseline -0.002 -12"><span class='ocrx_word' id='word_1_188' title='bbox 250 1522 352 1568; x_wconf 84' lang='lat' dir='ltr'>longo</span> <span class='ocrx_word' id='word_1_189' title='bbox 385 1526 540 1567; x_wconf 86' lang='lat' dir='ltr'>tempore</span> <span class='ocrx_word' id='word_1_190' title='bbox 574 1520 669 1560; x_wconf 76' lang='lat' dir='ltr'>vixit,</span> <span class='ocrx_word' id='word_1_191' title='bbox 704 1519 855 1555; x_wconf 86' lang='lat' dir='ltr'>infinitas</span> <span class='ocrx_word' id='word_1_192' title='bbox 889 1531 977 1565; x_wconf 88' lang='lat' dir='ltr'>pene</span> <span class='ocrx_word' id='word_1_193' title='bbox 1010 1519 1209 1554; x_wconf 84' lang='lat' dir='ltr'>mortalium</span> <span class='ocrx_word' id='word_1_194' title='bbox 1238 1520 1370 1555; x_wconf 86' lang='lat' dir='ltr'>animas</span> <span class='ocrx_word' id='word_1_195' title='bbox 1401 1519 1535 1554; x_wconf 91' lang='lat' dir='ltr'>Christo</span> <span class='ocrx_word' id='word_1_196' title='bbox 1569 1520 1670 1554; x_wconf 82' lang='lat' dir='ltr'>lucri·</span> 
     </span>
     <span class='ocr_line' id='line_1_22' title="bbox 249 1583 1670 1630; baseline -0.001 -11"><span class='ocrx_word' id='word_1_197' title='bbox 249 1585 375 1620; x_wconf 87' lang='lat' dir='ltr'>faciens</span> <span class='ocrx_word' id='word_1_198' title='bbox 423 1584 532 1619; x_wconf 88' lang='lat' dir='ltr'>fidelis</span> <span class='ocrx_word' id='word_1_199' title='bbox 577 1584 700 1619; x_wconf 87' lang='lat' dir='ltr'>Christi</span> <span class='ocrx_word' id='word_1_200' title='bbox 746 1595 881 1630; x_wconf 88' lang='lat' dir='ltr'>praeco,</span> <span class='ocrx_word' id='word_1_201' title='bbox 921 1589 955 1619; x_wconf 90' lang='lat' dir='ltr'>et</span> <span class='ocrx_word' id='word_1_202' title='bbox 995 1583 1132 1618; x_wconf 88' lang='lat' dir='ltr'>antistes</span> <span class='ocrx_word' id='word_1_203' title='bbox 1174 1583 1330 1618; x_wconf 88' lang='lat' dir='ltr'>ecclefiae</span> <span class='ocrx_word' id='word_1_204' title='bbox 1372 1583 1670 1630; x_wconf 86' lang='lat' dir='ltr'>Edinburgenfis;</span> 
     </span>
     <span class='ocr_line' id='line_1_23' title="bbox 251 1647 1670 1695; baseline -0.001 -11"><span class='ocrx_word' id='word_1_205' title='bbox 251 1661 352 1695; x_wconf 89' lang='lat' dir='ltr'>quem</span> <span class='ocrx_word' id='word_1_206' title='bbox 387 1660 448 1684; x_wconf 89' lang='lat' dir='ltr'>nec</span> <span class='ocrx_word' id='word_1_207' title='bbox 483 1648 650 1683; x_wconf 83' lang='lat' dir='ltr'>nobilium</span> <span class='ocrx_word' id='word_1_208' title='bbox 684 1659 746 1682; x_wconf 90' lang='lat' dir='ltr'>nec</span> <span class='ocrx_word' id='word_1_209' title='bbox 779 1647 981 1694; x_wconf 88' lang='lat' dir='ltr'>pontificum</span> <span class='ocrx_word' id='word_1_210' title='bbox 1016 1647 1066 1682; x_wconf 88' lang='lat' dir='ltr'>vis</span> <span class='ocrx_word' id='word_1_211' title='bbox 1098 1647 1178 1687; x_wconf 84' lang='lat' dir='ltr'>uua,</span> <span class='ocrx_word' id='word_1_212' title='bbox 1213 1659 1276 1682; x_wconf 92' lang='lat' dir='ltr'>nec</span> <span class='ocrx_word' id='word_1_213' title='bbox 1316 1647 1538 1694; x_wconf 83' lang='lat' dir='ltr'>sophistarum</span> <span class='ocrx_word' id='word_1_214' title='bbox 1571 1647 1670 1682; x_wconf 91' lang='lat' dir='ltr'>innu-</span> 
     </span>
     <span class='ocr_line' id='line_1_24' title="bbox 250 1710 1668 1758; baseline -0.001 -11"><span class='ocrx_word' id='word_1_215' title='bbox 250 1712 468 1748; x_wconf 89' lang='lat' dir='ltr'>merabilium</span> <span class='ocrx_word' id='word_1_216' title='bbox 501 1713 593 1747; x_wconf 86' lang='lat' dir='ltr'>fraus</span> <span class='ocrx_word' id='word_1_217' title='bbox 624 1724 775 1758; x_wconf 88' lang='lat' dir='ltr'>unquam</span> <span class='ocrx_word' id='word_1_218' title='bbox 809 1712 863 1746; x_wconf 83' lang='lat' dir='ltr'>vel</span> <span class='ocrx_word' id='word_1_219' title='bbox 896 1711 1072 1746; x_wconf 87' lang='lat' dir='ltr'>tantillum</span> <span class='ocrx_word' id='word_1_220' title='bbox 1103 1710 1239 1746; x_wconf 85' lang='lat' dir='ltr'>terruit.</span> <span class='ocrx_word' id='word_1_221' title='bbox 1302 1711 1501 1757; x_wconf 87' lang='lat' dir='ltr'>Praecipuis</span> <span class='ocrx_word' id='word_1_222' title='bbox 1535 1710 1668 1746; x_wconf 86' lang='lat' dir='ltr'>Galliae</span> 
     </span>
     <span class='ocr_line' id='line_1_25' title="bbox 252 1774 1669 1822; baseline -0.001 -11"><span class='ocrx_word' id='word_1_223' title='bbox 252 1782 286 1811; x_wconf 91' lang='lat' dir='ltr'>et</span> <span class='ocrx_word' id='word_1_224' title='bbox 313 1776 519 1812; x_wconf 80' lang='lat' dir='ltr'>Germaniae</span> <span class='ocrx_word' id='word_1_225' title='bbox 544 1775 728 1810; x_wconf 83' lang='lat' dir='ltr'>academiis</span> <span class='ocrx_word' id='word_1_226' title='bbox 755 1774 932 1821; x_wconf 76' lang='lat' dir='ltr'>singularis</span> <span class='ocrx_word' id='word_1_227' title='bbox 958 1775 1086 1821; x_wconf 89' lang='lat' dir='ltr'>ingenii</span> <span class='ocrx_word' id='word_1_228' title='bbox 1111 1775 1358 1822; x_wconf 70' lang='lat' dir='ltr'>doctrinaeque</span> <span class='ocrx_word' id='word_1_229' title='bbox 1384 1774 1485 1810; x_wconf 84' lang='lat' dir='ltr'>laude</span> <span class='ocrx_word' id='word_1_230' title='bbox 1511 1775 1669 1822; x_wconf 85' lang='lat' dir='ltr'>cognitus</span> 
     </span>
     <span class='ocr_line' id='line_1_26' title="bbox 252 1838 1669 1886; baseline -0.002 -10"><span class='ocrx_word' id='word_1_231' title='bbox 252 1842 326 1877; x_wconf 80' lang='lat' dir='ltr'>fuit.</span> <span class='ocrx_word' id='word_1_232' title='bbox 377 1842 528 1876; x_wconf 89' lang='lat' dir='ltr'>Ornatus</span> <span class='ocrx_word' id='word_1_233' title='bbox 556 1846 629 1876; x_wconf 88' lang='lat' dir='ltr'>erat</span> <span class='ocrx_word' id='word_1_234' title='bbox 655 1841 811 1876; x_wconf 82' lang='lat' dir='ltr'>miranda</span> <span class='ocrx_word' id='word_1_235' title='bbox 837 1846 871 1875; x_wconf 91' lang='lat' dir='ltr'>et</span> <span class='ocrx_word' id='word_1_236' title='bbox 898 1840 1000 1886; x_wconf 90' lang='lat' dir='ltr'>plane</span> <span class='ocrx_word' id='word_1_237' title='bbox 1023 1839 1139 1873; x_wconf 88' lang='lat' dir='ltr'>divina</span> <span class='ocrx_word' id='word_1_238' title='bbox 1166 1838 1372 1884; x_wconf 87' lang='lat' dir='ltr'>eloquentia,</span> <span class='ocrx_word' id='word_1_239' title='bbox 1403 1850 1537 1873; x_wconf 91' lang='lat' dir='ltr'>necnon</span> <span class='ocrx_word' id='word_1_240' title='bbox 1564 1839 1669 1874; x_wconf 86' lang='lat' dir='ltr'>animi</span> 
     </span>
     <span class='ocr_line' id='line_1_27' title="bbox 251 1901 1670 1951; baseline -0.003 -11"><span class='ocrx_word' id='word_1_241' title='bbox 251 1905 454 1941; x_wconf 85' lang='lat' dir='ltr'>fortitudine</span> <span class='ocrx_word' id='word_1_242' title='bbox 485 1910 520 1940; x_wconf 89' lang='lat' dir='ltr'>et</span> <span class='ocrx_word' id='word_1_243' title='bbox 548 1905 735 1940; x_wconf 85' lang='lat' dir='ltr'>constantia</span> <span class='ocrx_word' id='word_1_244' title='bbox 764 1903 943 1951; x_wconf 78' lang='lat' dir='ltr'>fingulari3</span> <span class='ocrx_word' id='word_1_245' title='bbox 973 1913 1074 1937; x_wconf 90' lang='lat' dir='ltr'>nemo</span> <span class='ocrx_word' id='word_1_246' title='bbox 1104 1901 1196 1936; x_wconf 84' lang='lat' dir='ltr'>enim</span> <span class='ocrx_word' id='word_1_247' title='bbox 1225 1902 1272 1936; x_wconf 86' lang='lat' dir='ltr'>est</span> <span class='ocrx_word' id='word_1_248' title='bbox 1301 1901 1360 1948; x_wconf 91' lang='lat' dir='ltr'>qui</span> <span class='ocrx_word' id='word_1_249' title='bbox 1389 1902 1461 1948; x_wconf 84' lang='lat' dir='ltr'>ejus</span> <span class='ocrx_word' id='word_1_250' title='bbox 1494 1901 1597 1937; x_wconf 91' lang='lat' dir='ltr'>fidem</span> <span class='ocrx_word' id='word_1_251' title='bbox 1635 1906 1670 1936; x_wconf 90' lang='lat' dir='ltr'>et</span> 
     </span>
     <span class='ocr_line' id='line_1_28' title="bbox 252 1965 1670 2015; baseline -0.003 -11"><span class='ocrx_word' id='word_1_252' title='bbox 252 1968 454 2015; x_wconf 86' lang='lat' dir='ltr'>patientiam</span> <span class='ocrx_word' id='word_1_253' title='bbox 487 1973 540 2003; x_wconf 88' lang='lat' dir='ltr'>tot</span> <span class='ocrx_word' id='word_1_254' title='bbox 580 1968 762 2009; x_wconf 86' lang='lat' dir='ltr'>aerumnis,</span> <span class='ocrx_word' id='word_1_255' title='bbox 805 1973 903 2002; x_wconf 87' lang='lat' dir='ltr'>tanta</span> <span class='ocrx_word' id='word_1_256' title='bbox 941 1965 1186 2013; x_wconf 89' lang='lat' dir='ltr'>persecutione,</span> <span class='ocrx_word' id='word_1_257' title='bbox 1229 1965 1401 2012; x_wconf 87' lang='lat' dir='ltr'>exilioque</span> <span class='ocrx_word' id='word_1_258' title='bbox 1437 1965 1599 2001; x_wconf 81' lang='lat' dir='ltr'>diuturno</span> <span class='ocrx_word' id='word_1_259' title='bbox 1634 1971 1670 2000; x_wconf 90' lang='lat' dir='ltr'>et</span> 
     </span>
     <span class='ocr_line' id='line_1_29' title="bbox 252 2028 1670 2080; baseline -0.004 -12"><span class='ocrx_word' id='word_1_260' title='bbox 252 2034 357 2080; x_wconf 84' lang='lat' dir='ltr'>gravi,</span> <span class='ocrx_word' id='word_1_261' title='bbox 383 2033 541 2068; x_wconf 85' lang='lat' dir='ltr'>testatam</span> <span class='ocrx_word' id='word_1_262' title='bbox 568 2045 636 2068; x_wconf 93' lang='lat' dir='ltr'>non</span> <span class='ocrx_word' id='word_1_263' title='bbox 666 2032 847 2072; x_wconf 85' lang='lat' dir='ltr'>collaudet,</span> <span class='ocrx_word' id='word_1_264' title='bbox 877 2043 947 2066; x_wconf 93' lang='lat' dir='ltr'>non</span> <span class='ocrx_word' id='word_1_265' title='bbox 973 2030 1172 2070; x_wconf 85' lang='lat' dir='ltr'>admiretur,</span> <span class='ocrx_word' id='word_1_266' title='bbox 1204 2041 1275 2064; x_wconf 91' lang='lat' dir='ltr'>non</span> <span class='ocrx_word' id='word_1_267' title='bbox 1302 2028 1542 2076; x_wconf 71' lang='lat' dir='ltr'>amplectatur.</span> <span class='ocrx_word' id='word_1_268' title='bbox 1593 2028 1670 2063; x_wconf 89' lang='lat' dir='ltr'>Hoc</span> 
     </span>
     <span class='ocr_line' id='line_1_30' title="bbox 253 2092 1670 2142; baseline -0.004 -10"><span class='ocrx_word' id='word_1_269' title='bbox 253 2109 337 2132; x_wconf 87' lang='lat' dir='ltr'>aevo</span> <span class='ocrx_word' id='word_1_270' title='bbox 384 2097 495 2132; x_wconf 87' lang='lat' dir='ltr'>nostro</span> <span class='ocrx_word' id='word_1_271' title='bbox 537 2101 704 2142; x_wconf 87' lang='lat' dir='ltr'>tanquam</span> <span class='ocrx_word' id='word_1_272' title='bbox 744 2095 865 2130; x_wconf 87' lang='lat' dir='ltr'>lucifer</span> <span class='ocrx_word' id='word_1_273' title='bbox 910 2100 945 2130; x_wconf 90' lang='lat' dir='ltr'>et</span> <span class='ocrx_word' id='word_1_274' title='bbox 993 2094 1134 2141; x_wconf 90' lang='lat' dir='ltr'>quidam</span> <span class='ocrx_word' id='word_1_275' title='bbox 1174 2093 1222 2129; x_wconf 90' lang='lat' dir='ltr'>sol</span> <span class='ocrx_word' id='word_1_276' title='bbox 1264 2093 1506 2140; x_wconf 84' lang='lat' dir='ltr'>praefulgidus,</span> <span class='ocrx_word' id='word_1_277' title='bbox 1555 2092 1670 2127; x_wconf 89' lang='lat' dir='ltr'>divino</span> 
     </span>
     <span class='ocr_line' id='line_1_31' title="bbox 253 2157 1670 2207; baseline -0.003 -12"><span class='ocrx_word' id='word_1_278' title='bbox 253 2161 402 2207; x_wconf 86' lang='lat' dir='ltr'>quodam</span> <span class='ocrx_word' id='word_1_279' title='bbox 430 2172 573 2195; x_wconf 89' lang='lat' dir='ltr'>munere</span> <span class='ocrx_word' id='word_1_280' title='bbox 603 2165 638 2195; x_wconf 88' lang='lat' dir='ltr'>et</span> <span class='ocrx_word' id='word_1_281' title='bbox 667 2159 884 2207; x_wconf 80' lang='lat' dir='ltr'>providentia</span> <span class='ocrx_word' id='word_1_282' title='bbox 910 2158 1067 2195; x_wconf 72' lang='lat' dir='ltr'>ecclesiae</span> <span class='ocrx_word' id='word_1_283' title='bbox 1102 2157 1274 2205; x_wconf 84' lang='lat' dir='ltr'>deprefl&#39;ae</span> <span class='ocrx_word' id='word_1_284' title='bbox 1305 2162 1340 2192; x_wconf 88' lang='lat' dir='ltr'>et</span> <span class='ocrx_word' id='word_1_285' title='bbox 1365 2157 1584 2192; x_wconf 87' lang='lat' dir='ltr'>conculcatae</span> <span class='ocrx_word' id='word_1_286' title='bbox 1617 2168 1670 2191; x_wconf 85' lang='lat' dir='ltr'>re-</span> 
     </span>
     <span class='ocr_line' id='line_1_32' title="bbox 254 2221 1670 2270; baseline -0.002 -11"><span class='ocrx_word' id='word_1_287' title='bbox 254 2225 406 2260; x_wconf 87' lang='lat' dir='ltr'>medium</span> <span class='ocrx_word' id='word_1_288' title='bbox 440 2224 549 2264; x_wconf 88' lang='lat' dir='ltr'>datus‚</span> <span class='ocrx_word' id='word_1_289' title='bbox 577 2224 644 2260; x_wconf 90' lang='lat' dir='ltr'>suis</span> <span class='ocrx_word' id='word_1_290' title='bbox 672 2222 933 2270; x_wconf 86' lang='lat' dir='ltr'>exquifitiflimis</span> <span class='ocrx_word' id='word_1_291' title='bbox 962 2222 1275 2263; x_wconf 85' lang='lat' dir='ltr'>declamationibus,</span> <span class='ocrx_word' id='word_1_292' title='bbox 1307 2226 1342 2257; x_wconf 85' lang='lat' dir='ltr'>et</span> <span class='ocrx_word' id='word_1_293' title='bbox 1371 2221 1553 2267; x_wconf 88' lang='lat' dir='ltr'>apostolico</span> <span class='ocrx_word' id='word_1_294' title='bbox 1587 2233 1670 2268; x_wconf 89' lang='lat' dir='ltr'>quo-</span> 
     </span>
    </p>
   </div>
  </div>
 </body>
</html>
