<?xml version="1.0" encoding="UTF-8"?>
<!DOCTYPE html PUBLIC "-//W3C//DTD XHTML 1.0 Transitional//EN"
    "http://www.w3.org/TR/xhtml1/DTD/xhtml1-transitional.dtd">
<html xmlns="http://www.w3.org/1999/xhtml" xml:lang="en" lang="en">
 <head>
  <title>
</title>
<meta http-equiv="Content-Type" content="text/html;charset=utf-8" />
  <meta name='ocr-system' content='tesseract 3.04.00' />
  <meta name='ocr-capabilities' content='ocr_page ocr_carea ocr_par ocr_line ocrx_word'/>
</head>
<body>
  <div class='ocr_page' id='page_1' title='image "./davidisbuchanani00bann_0143.png"; bbox 0 0 1913 2692; ppageno 0'>
   <div class='ocr_carea' id='block_1_1' title="bbox 648 205 1664 237">
    <p class='ocr_par' dir='ltr' id='par_1_1' title="bbox 648 205 1664 237">
     <span class='ocr_line' id='line_1_1' title="bbox 648 205 1664 237; baseline -0.005 0"><span class='ocrx_word' id='word_1_1' title='bbox 648 207 710 237; x_wconf 77' lang='lat' dir='ltr'>DE</span> <span class='ocrx_word' id='word_1_2' title='bbox 745 205 1076 237; x_wconf 83' lang='lat' dir='ltr'>SCRIPTORIBUS</span> <span class='ocrx_word' id='word_1_3' title='bbox 1110 205 1272 235; x_wconf 86' lang='lat' dir='ltr'>SCOTIS.</span> <span class='ocrx_word' id='word_1_4' title='bbox 1608 205 1664 233; x_wconf 69' lang='lat'>121</span> 
     </span>
    </p>
   </div>
   <div class='ocr_carea' id='block_1_2' title="bbox 245 294 1663 852">
    <p class='ocr_par' dir='ltr' id='par_1_2' title="bbox 245 294 1663 852">
     <span class='ocr_line' id='line_1_2' title="bbox 245 294 1663 344; baseline -0.004 -11"><span class='ocrx_word' id='word_1_5' title='bbox 245 298 431 344; x_wconf 84' lang='lat' dir='ltr'>pontifices,</span> <span class='ocrx_word' id='word_1_6' title='bbox 466 297 663 336; x_wconf 78' lang='lat' dir='ltr'>cardinales,</span> <span class='ocrx_word' id='word_1_7' title='bbox 696 301 731 331; x_wconf 88' lang='lat' dir='ltr'>et</span> <span class='ocrx_word' id='word_1_8' title='bbox 761 295 935 342; x_wconf 89' lang='lat' dir='ltr'>episcopos</span> <span class='ocrx_word' id='word_1_9' title='bbox 964 294 1070 334; x_wconf 80' lang='lat' dir='ltr'>fuifl&#39;e,</span> <span class='ocrx_word' id='word_1_10' title='bbox 1103 299 1141 329; x_wconf 88' lang='lat' dir='ltr'>ut</span> <span class='ocrx_word' id='word_1_11' title='bbox 1170 295 1214 329; x_wconf 91' lang='lat' dir='ltr'>ad</span> <span class='ocrx_word' id='word_1_12' title='bbox 1248 294 1356 340; x_wconf 89' lang='lat' dir='ltr'>ipsum</span> <span class='ocrx_word' id='word_1_13' title='bbox 1387 294 1421 327; x_wconf 91' lang='lat' dir='ltr'>in</span> <span class='ocrx_word' id='word_1_14' title='bbox 1457 294 1572 328; x_wconf 83' lang='lat' dir='ltr'>arduis</span> <span class='ocrx_word' id='word_1_15' title='bbox 1606 306 1663 328; x_wconf 85' lang='lat' dir='ltr'>ne-</span> 
     </span>
     <span class='ocr_line' id='line_1_3' title="bbox 245 357 1662 408; baseline -0.003 -12"><span class='ocrx_word' id='word_1_16' title='bbox 245 362 348 408; x_wconf 87' lang='lat' dir='ltr'>gotiis</span> <span class='ocrx_word' id='word_1_17' title='bbox 380 360 459 396; x_wconf 89' lang='lat' dir='ltr'>fidei</span> <span class='ocrx_word' id='word_1_18' title='bbox 493 359 688 399; x_wconf 84' lang='lat' dir='ltr'>enodandis,</span> <span class='ocrx_word' id='word_1_19' title='bbox 722 364 888 405; x_wconf 81' lang='lat' dir='ltr'>tanquam</span> <span class='ocrx_word' id='word_1_20' title='bbox 922 359 966 393; x_wconf 85' lang='lat' dir='ltr'>ad</span> <span class='ocrx_word' id='word_1_21' title='bbox 999 358 1195 404; x_wconf 87' lang='lat' dir='ltr'>supremum</span> <span class='ocrx_word' id='word_1_22' title='bbox 1223 357 1385 404; x_wconf 84' lang='lat' dir='ltr'>judicem,</span> <span class='ocrx_word' id='word_1_23' title='bbox 1421 363 1662 395; x_wconf 79' lang='lat' dir='ltr'>recurrerent:</span> 
     </span>
     <span class='ocr_line' id='line_1_4' title="bbox 247 421 1662 471; baseline -0.004 -12"><span class='ocrx_word' id='word_1_24' title='bbox 247 430 283 459; x_wconf 88' lang='lat' dir='ltr'>et</span> <span class='ocrx_word' id='word_1_25' title='bbox 306 425 524 471; x_wconf 89' lang='lat' dir='ltr'>Dempsterus</span> <span class='ocrx_word' id='word_1_26' title='bbox 549 423 701 458; x_wconf 82' lang='lat' dir='ltr'>testatur.</span> <span class='ocrx_word' id='word_1_27' title='bbox 758 429 776 441; x_wconf 73' lang='lat'>‘⁶</span> <span class='ocrx_word' id='word_1_28' title='bbox 797 423 948 457; x_wconf 90' lang='lat' dir='ltr'>Jacobus</span> <span class='ocrx_word' id='word_1_29' title='bbox 972 422 1121 469; x_wconf 45' lang='lat' dir='ltr'>Tyrius?</span> <span class='ocrx_word' id='word_1_30' title='bbox 1151 422 1272 468; x_wconf 87' lang='lat' dir='ltr'>inquit,</span> <span class='ocrx_word' id='word_1_31' title='bbox 1304 427 1321 440; x_wconf 65' lang='lat'>‘⁵</span> <span class='ocrx_word' id='word_1_32' title='bbox 1340 421 1437 467; x_wconf 87' lang='lat' dir='ltr'>cnjus</span> <span class='ocrx_word' id='word_1_33' title='bbox 1461 421 1662 455; x_wconf 83' lang='lat' dir='ltr'>memoriam</span> 
     </span>
     <span class='ocr_line' id='line_1_5' title="bbox 247 483 1662 531; baseline -0.004 -8"><span class='ocrx_word' id='word_1_34' title='bbox 247 501 315 523; x_wconf 91' lang='lat' dir='ltr'>non</span> <span class='ocrx_word' id='word_1_35' title='bbox 341 488 456 523; x_wconf 83' lang='lat' dir='ltr'>Scotia</span> <span class='ocrx_word' id='word_1_36' title='bbox 477 487 589 527; x_wconf 88' lang='lat' dir='ltr'>modo,</span> <span class='ocrx_word' id='word_1_37' title='bbox 614 486 670 521; x_wconf 90' lang='lat' dir='ltr'>scd</span> <span class='ocrx_word' id='word_1_38' title='bbox 692 486 818 527; x_wconf 77' lang='lat' dir='ltr'>Parisii,</span> <span class='ocrx_word' id='word_1_39' title='bbox 842 487 962 527; x_wconf 84' lang='lat' dir='ltr'>Roma,</span> <span class='ocrx_word' id='word_1_40' title='bbox 990 486 1185 525; x_wconf 84' lang='lat' dir='ltr'>Germania,</span> <span class='ocrx_word' id='word_1_41' title='bbox 1212 485 1334 524; x_wconf 83' lang='lat' dir='ltr'>Gallia,</span> <span class='ocrx_word' id='word_1_42' title='bbox 1356 484 1525 531; x_wconf 81' lang='lat' dir='ltr'>Belgium,</span> <span class='ocrx_word' id='word_1_43' title='bbox 1553 483 1662 523; x_wconf 82' lang='lat' dir='ltr'>Italia,</span> 
     </span>
     <span class='ocr_line' id='line_1_6' title="bbox 246 548 1662 598; baseline -0.002 -13"><span class='ocrx_word' id='word_1_44' title='bbox 246 551 315 598; x_wconf 88' lang='lat' dir='ltr'>ipsa</span> <span class='ocrx_word' id='word_1_45' title='bbox 348 550 501 586; x_wconf 84' lang='lat' dir='ltr'>Societas</span> <span class='ocrx_word' id='word_1_46' title='bbox 533 550 625 589; x_wconf 85' lang='lat' dir='ltr'>Jesu‚</span> <span class='ocrx_word' id='word_1_47' title='bbox 661 549 863 585; x_wconf 83' lang='lat' dir='ltr'>assistentem</span> <span class='ocrx_word' id='word_1_48' title='bbox 896 562 974 584; x_wconf 83' lang='lat' dir='ltr'>cum</span> <span class='ocrx_word' id='word_1_49' title='bbox 1013 550 1204 590; x_wconf 84' lang='lat' dir='ltr'>excederet,</span> <span class='ocrx_word' id='word_1_50' title='bbox 1243 549 1381 595; x_wconf 86' lang='lat' dir='ltr'>pietatis</span> <span class='ocrx_word' id='word_1_51' title='bbox 1415 554 1449 583; x_wconf 89' lang='lat' dir='ltr'>et</span> <span class='ocrx_word' id='word_1_52' title='bbox 1483 548 1662 583; x_wconf 67' lang='lat' dir='ltr'>doetrinae</span> 
     </span>
     <span class='ocr_line' id='line_1_7' title="bbox 246 612 1662 661; baseline -0.003 -12"><span class='ocrx_word' id='word_1_53' title='bbox 246 615 382 650; x_wconf 89' lang='lat' dir='ltr'>nomine</span> <span class='ocrx_word' id='word_1_54' title='bbox 407 614 547 660; x_wconf 84' lang='lat' dir='ltr'>operose</span> <span class='ocrx_word' id='word_1_55' title='bbox 572 614 687 655; x_wconf 88' lang='lat' dir='ltr'>coluit,</span> <span class='ocrx_word' id='word_1_56' title='bbox 713 619 880 661; x_wconf 82' lang='lat' dir='ltr'>grataque</span> <span class='ocrx_word' id='word_1_57' title='bbox 904 614 1095 648; x_wconf 79' lang='lat' dir='ltr'>reverentia</span> <span class='ocrx_word' id='word_1_58' title='bbox 1117 619 1297 648; x_wconf 85' lang='lat' dir='ltr'>aeternum</span> <span class='ocrx_word' id='word_1_59' title='bbox 1323 612 1574 659; x_wconf 78' lang='lat' dir='ltr'>p1·oscquetu1·.”</span> <span class='ocrx_word' id='word_1_60' title='bbox 1622 612 1662 646; x_wconf 94' lang='lat' dir='ltr'>In</span> 
     </span>
     <span class='ocr_line' id='line_1_8' title="bbox 245 676 1662 723; baseline -0.002 -10"><span class='ocrx_word' id='word_1_61' title='bbox 245 679 421 714; x_wconf 61' lang='lat' dir='ltr'>senectute</span> <span class='ocrx_word' id='word_1_62' title='bbox 444 678 584 713; x_wconf 84' lang='lat' dir='ltr'>tandem</span> <span class='ocrx_word' id='word_1_63' title='bbox 612 678 759 713; x_wconf 85' lang='lat' dir='ltr'>Romam</span> <span class='ocrx_word' id='word_1_64' title='bbox 786 677 831 712; x_wconf 85' lang='lat' dir='ltr'>est</span> <span class='ocrx_word' id='word_1_65' title='bbox 855 678 1039 723; x_wconf 58' lang='lat' dir='ltr'>profectus,</span> <span class='ocrx_word' id='word_1_66' title='bbox 1066 682 1100 712; x_wconf 88' lang='lat' dir='ltr'>et</span> <span class='ocrx_word' id='word_1_67' title='bbox 1127 677 1161 711; x_wconf 92' lang='lat' dir='ltr'>in</span> <span class='ocrx_word' id='word_1_68' title='bbox 1187 677 1340 723; x_wconf 81' lang='lat' dir='ltr'>Collegio</span> <span class='ocrx_word' id='word_1_69' title='bbox 1365 676 1575 711; x_wconf 81' lang='lat' dir='ltr'>Jesuitarnm</span> <span class='ocrx_word' id='word_1_70' title='bbox 1601 688 1662 722; x_wconf 89' lang='lat' dir='ltr'>per</span> 
     </span>
     <span class='ocr_line' id='line_1_9' title="bbox 245 739 1660 788; baseline -0.003 -11"><span class='ocrx_word' id='word_1_71' title='bbox 245 743 372 777; x_wconf 83' lang='lat' dir='ltr'>multos</span> <span class='ocrx_word' id='word_1_72' title='bbox 397 754 505 777; x_wconf 85' lang='lat' dir='ltr'>annos</span> <span class='ocrx_word' id='word_1_73' title='bbox 530 741 751 777; x_wconf 79' lang='lat' dir='ltr'>continuavit.</span> <span class='ocrx_word' id='word_1_74' title='bbox 803 742 843 775; x_wconf 89' lang='lat' dir='ltr'>In</span> <span class='ocrx_word' id='word_1_75' title='bbox 867 741 933 776; x_wconf 89' lang='lat' dir='ltr'>hoc</span> <span class='ocrx_word' id='word_1_76' title='bbox 960 741 1113 788; x_wconf 80' lang='lat' dir='ltr'>collegio,</span> <span class='ocrx_word' id='word_1_77' title='bbox 1140 740 1429 787; x_wconf 84' lang='lat' dir='ltr'>quemadmodum</span> <span class='ocrx_word' id='word_1_78' title='bbox 1453 745 1488 774; x_wconf 88' lang='lat' dir='ltr'>et</span> <span class='ocrx_word' id='word_1_79' title='bbox 1515 740 1550 773; x_wconf 92' lang='lat' dir='ltr'>in</span> <span class='ocrx_word' id='word_1_80' title='bbox 1577 739 1660 778; x_wconf 85' lang='lat' dir='ltr'>aliis,</span> 
     </span>
     <span class='ocr_line' id='line_1_10' title="bbox 245 803 1662 852; baseline -0.003 -11"><span class='ocrx_word' id='word_1_81' title='bbox 245 806 355 841; x_wconf 87' lang='lat' dir='ltr'>multa</span> <span class='ocrx_word' id='word_1_82' title='bbox 380 805 555 841; x_wconf 86' lang='lat' dir='ltr'>volumina</span> <span class='ocrx_word' id='word_1_83' title='bbox 584 805 816 852; x_wconf 86' lang='lat' dir='ltr'>philosophiae</span> <span class='ocrx_word' id='word_1_84' title='bbox 847 810 881 840; x_wconf 83' lang='lat' dir='ltr'>et</span> <span class='ocrx_word' id='word_1_85' title='bbox 908 804 1102 850; x_wconf 82' lang='lat' dir='ltr'>theologiae</span> <span class='ocrx_word' id='word_1_86' title='bbox 1128 808 1296 843; x_wconf 86' lang='lat' dir='ltr'>accurate,</span> <span class='ocrx_word' id='word_1_87' title='bbox 1324 803 1435 843; x_wconf 63' lang='lat' dir='ltr'>docte,</span> <span class='ocrx_word' id='word_1_88' title='bbox 1462 808 1498 838; x_wconf 84' lang='lat' dir='ltr'>et</span> <span class='ocrx_word' id='word_1_89' title='bbox 1527 803 1662 849; x_wconf 81' lang='lat' dir='ltr'>elegan-</span> 
     </span>
    </p>
   </div>
   <div class='ocr_carea' id='block_1_3' title="bbox 244 868 1661 976">
    <p class='ocr_par' dir='ltr' id='par_1_3' title="bbox 244 868 1661 976">
     <span class='ocr_line' id='line_1_11' title="bbox 244 868 517 904; baseline -0.004 -1"><span class='ocrx_word' id='word_1_90' title='bbox 244 874 299 904; x_wconf 86' lang='lat' dir='ltr'>ter</span> <span class='ocrx_word' id='word_1_91' title='bbox 331 868 517 903; x_wconf 82' lang='lat' dir='ltr'>contexuit.</span> 
     </span>
     <span class='ocr_line' id='line_1_12' title="bbox 390 930 1661 976; baseline -0.002 -9"><span class='ocrx_word' id='word_1_92' title='bbox 390 932 461 968; x_wconf 85' lang='lat' dir='ltr'>Sub</span> <span class='ocrx_word' id='word_1_93' title='bbox 497 933 634 967; x_wconf 89' lang='lat' dir='ltr'>nomine</span> <span class='ocrx_word' id='word_1_94' title='bbox 661 932 806 967; x_wconf 83' lang='lat' dir='ltr'>Joannis</span> <span class='ocrx_word' id='word_1_95' title='bbox 840 931 1030 971; x_wconf 67' lang='lat' dir='ltr'>Thomsoni⁵</span> <span class='ocrx_word' id='word_1_96' title='bbox 1063 931 1265 966; x_wconf 56' lang='lat' dir='ltr'>Tractatum</span> <span class='ocrx_word' id='word_1_97' title='bbox 1295 931 1337 965; x_wconf 89' lang='lat' dir='ltr'>de</span> <span class='ocrx_word' id='word_1_98' title='bbox 1368 930 1548 976; x_wconf 84' lang='lat' dir='ltr'>Religione</span> <span class='ocrx_word' id='word_1_99' title='bbox 1578 930 1661 964; x_wconf 89' lang='lat' dir='ltr'>Pro-</span> 
     </span>
    </p>
   </div>
   <div class='ocr_carea' id='block_1_4' title="bbox 242 993 1660 1414">
    <p class='ocr_par' dir='ltr' id='par_1_4' title="bbox 242 993 1660 1414">
     <span class='ocr_line' id='line_1_13' title="bbox 434 993 1499 1043; baseline -0.004 -12"><span class='ocrx_word' id='word_1_100' title='bbox 434 997 650 1037; x_wconf 79' lang='lat' dir='ltr'>testantium3</span> <span class='ocrx_word' id='word_1_101' title='bbox 668 996 727 1043; x_wconf 90' lang='lat' dir='ltr'>qui</span> <span class='ocrx_word' id='word_1_102' title='bbox 744 996 835 1030; x_wconf 87' lang='lat' dir='ltr'>inter</span> <span class='ocrx_word' id='word_1_103' title='bbox 852 996 976 1041; x_wconf 88' lang='lat' dir='ltr'>scripta</span> <span class='ocrx_word' id='word_1_104' title='bbox 994 994 1136 1029; x_wconf 84' lang='lat' dir='ltr'>Antonii</span> <span class='ocrx_word' id='word_1_105' title='bbox 1155 993 1324 1029; x_wconf 73' lang='lat' dir='ltr'>Pofl&#39;evini</span> <span class='ocrx_word' id='word_1_106' title='bbox 1343 994 1499 1028; x_wconf 77' lang='lat' dir='ltr'>habetur.</span> 
     </span>
     <span class='ocr_line' id='line_1_14' title="bbox 386 1056 1658 1105; baseline -0.003 -10"><span class='ocrx_word' id='word_1_107' title='bbox 386 1060 531 1096; x_wconf 81' lang='lat' dir='ltr'>Cursum</span> <span class='ocrx_word' id='word_1_108' title='bbox 560 1060 668 1095; x_wconf 87' lang='lat' dir='ltr'>totius</span> <span class='ocrx_word' id='word_1_109' title='bbox 694 1059 899 1105; x_wconf 83' lang='lat' dir='ltr'>Theologiae</span> <span class='ocrx_word' id='word_1_110' title='bbox 926 1058 1161 1098; x_wconf 79' lang='lat' dir='ltr'>Scholasticae,</span> <span class='ocrx_word' id='word_1_111' title='bbox 1192 1057 1304 1093; x_wconf 87' lang='lat' dir='ltr'>tribus</span> <span class='ocrx_word' id='word_1_112' title='bbox 1332 1057 1445 1097; x_wconf 88' lang='lat' dir='ltr'>tomis,</span> <span class='ocrx_word' id='word_1_113' title='bbox 1476 1069 1519 1092; x_wconf 80' lang='lat' dir='ltr'>ex</span> <span class='ocrx_word' id='word_1_114' title='bbox 1547 1056 1658 1095; x_wconf 73' lang='lat' dir='ltr'>Scom,</span> 
     </span>
     <span class='ocr_line' id='line_1_15' title="bbox 434 1122 991 1170; baseline -0.002 -12"><span class='ocrx_word' id='word_1_115' title='bbox 434 1124 617 1170; x_wconf 86' lang='lat' dir='ltr'>Aquinate,</span> <span class='ocrx_word' id='word_1_116' title='bbox 636 1128 671 1158; x_wconf 91' lang='lat' dir='ltr'>et</span> <span class='ocrx_word' id='word_1_117' title='bbox 687 1123 763 1159; x_wconf 86' lang='lat' dir='ltr'>aliis</span> <span class='ocrx_word' id='word_1_118' title='bbox 779 1122 991 1158; x_wconf 83' lang='lat' dir='ltr'>scholasticis.</span> 
     </span>
     <span class='ocr_line' id='line_1_16' title="bbox 387 1186 1131 1234; baseline -0.003 -12"><span class='ocrx_word' id='word_1_119' title='bbox 387 1188 428 1222; x_wconf 92' lang='lat' dir='ltr'>In</span> <span class='ocrx_word' id='word_1_120' title='bbox 444 1187 636 1222; x_wconf 87' lang='lat' dir='ltr'>Aristotelis</span> <span class='ocrx_word' id='word_1_121' title='bbox 652 1186 883 1234; x_wconf 82' lang='lat' dir='ltr'>Metaphyfica</span> <span class='ocrx_word' id='word_1_122' title='bbox 901 1186 1131 1228; x_wconf 81' lang='lat' dir='ltr'>Quaestiones.</span> 
     </span>
     <span class='ocr_line' id='line_1_17' title="bbox 242 1247 1660 1297; baseline -0.003 -11"><span class='ocrx_word' id='word_1_123' title='bbox 242 1253 287 1287; x_wconf 90' lang='lat' dir='ltr'>Et</span> <span class='ocrx_word' id='word_1_124' title='bbox 314 1252 381 1286; x_wconf 87' lang='lat' dir='ltr'>alia</span> <span class='ocrx_word' id='word_1_125' title='bbox 407 1251 510 1292; x_wconf 81' lang='lat' dir='ltr'>varia,</span> <span class='ocrx_word' id='word_1_126' title='bbox 537 1263 625 1297; x_wconf 86' lang='lat' dir='ltr'>quae</span> <span class='ocrx_word' id='word_1_127' title='bbox 651 1251 824 1286; x_wconf 80' lang='lat' dir='ltr'>habentur</span> <span class='ocrx_word' id='word_1_128' title='bbox 853 1251 889 1285; x_wconf 90' lang='lat' dir='ltr'>in</span> <span class='ocrx_word' id='word_1_129' title='bbox 916 1250 1082 1296; x_wconf 81' lang='lat' dir='ltr'>Catalogo</span> <span class='ocrx_word' id='word_1_130' title='bbox 1109 1249 1221 1284; x_wconf 89' lang='lat' dir='ltr'>nostro</span> <span class='ocrx_word' id='word_1_131' title='bbox 1249 1250 1290 1284; x_wconf 90' lang='lat' dir='ltr'>de</span> <span class='ocrx_word' id='word_1_132' title='bbox 1322 1248 1554 1295; x_wconf 84' lang='lat' dir='ltr'>Scriptoribus</span> <span class='ocrx_word' id='word_1_133' title='bbox 1587 1247 1660 1282; x_wconf 88' lang='lat' dir='ltr'>nos-</span> 
     </span>
     <span class='ocr_line' id='line_1_18' title="bbox 242 1312 1658 1362; baseline -0.003 -12"><span class='ocrx_word' id='word_1_134' title='bbox 242 1321 316 1351; x_wconf 88' lang='lat' dir='ltr'>trae</span> <span class='ocrx_word' id='word_1_135' title='bbox 339 1315 470 1350; x_wconf 86' lang='lat' dir='ltr'>Gentis.</span> <span class='ocrx_word' id='word_1_136' title='bbox 521 1315 671 1350; x_wconf 86' lang='lat' dir='ltr'>Mortem</span> <span class='ocrx_word' id='word_1_137' title='bbox 694 1315 839 1362; x_wconf 88' lang='lat' dir='ltr'>oppetiit</span> <span class='ocrx_word' id='word_1_138' title='bbox 870 1315 1012 1354; x_wconf 85' lang='lat' dir='ltr'>Romae,</span> <span class='ocrx_word' id='word_1_139' title='bbox 1039 1326 1130 1349; x_wconf 88' lang='lat' dir='ltr'>anno</span> <span class='ocrx_word' id='word_1_140' title='bbox 1156 1314 1289 1359; x_wconf 83' lang='lat' dir='ltr'>gratiae</span> <span class='ocrx_word' id='word_1_141' title='bbox 1317 1315 1420 1353; x_wconf 80' lang='lat'>1589,</span> <span class='ocrx_word' id='word_1_142' title='bbox 1442 1312 1503 1347; x_wconf 88' lang='lat' dir='ltr'>sub</span> <span class='ocrx_word' id='word_1_143' title='bbox 1528 1312 1658 1347; x_wconf 76' lang='lat' dir='ltr'>Jacobo</span> 
     </span>
     <span class='ocr_line' id='line_1_19' title="bbox 243 1379 560 1414; baseline -0.006 0"><span class='ocrx_word' id='word_1_144' title='bbox 243 1380 350 1414; x_wconf 83' lang='lat' dir='ltr'>Sexto</span> <span class='ocrx_word' id='word_1_145' title='bbox 368 1379 560 1414; x_wconf 85' lang='lat' dir='ltr'>Scotorum.</span> 
     </span>
    </p>
   </div>
   <div class='ocr_carea' id='block_1_5' title="bbox 669 1521 1226 1557">
    <p class='ocr_par' dir='ltr' id='par_1_5' title="bbox 669 1521 1226 1557">
     <span class='ocr_line' id='line_1_20' title="bbox 669 1521 1226 1557; baseline 0 -1"><span class='ocrx_word' id='word_1_146' title='bbox 669 1521 733 1556; x_wconf 91' lang='lat' dir='ltr'>DE</span> <span class='ocrx_word' id='word_1_147' title='bbox 758 1521 979 1557; x_wconf 89' lang='lat' dir='ltr'>ROBERTO</span> <span class='ocrx_word' id='word_1_148' title='bbox 1004 1521 1226 1557; x_wconf 90' lang='lat' dir='ltr'>ROLLOCO.</span> 
     </span>
    </p>
   </div>
   <div class='ocr_carea' id='block_1_6' title="bbox 239 1632 1658 2256">
    <p class='ocr_par' dir='ltr' id='par_1_6' title="bbox 239 1632 1658 2256">
     <span class='ocr_line' id='line_1_21' title="bbox 244 1632 1657 1680; baseline -0.001 -12"><span class='ocrx_word' id='word_1_149' title='bbox 244 1634 441 1669; x_wconf 77' lang='lat' dir='ltr'>RoBERTUS</span> <span class='ocrx_word' id='word_1_150' title='bbox 481 1633 682 1674; x_wconf 63' lang='lat' dir='ltr'>Romocus,</span> <span class='ocrx_word' id='word_1_151' title='bbox 724 1633 842 1668; x_wconf 84' lang='lat' dir='ltr'>Pastor</span> <span class='ocrx_word' id='word_1_152' title='bbox 884 1639 919 1668; x_wconf 88' lang='lat' dir='ltr'>et</span> <span class='ocrx_word' id='word_1_153' title='bbox 961 1634 1168 1669; x_wconf 84' lang='lat' dir='ltr'>Academiae</span> <span class='ocrx_word' id='word_1_154' title='bbox 1211 1633 1475 1680; x_wconf 80' lang='lat' dir='ltr'>Edinburgenae</span> <span class='ocrx_word' id='word_1_155' title='bbox 1518 1632 1657 1671; x_wconf 72' lang='lat' dir='ltr'>Rector,</span> 
     </span>
     <span class='ocr_line' id='line_1_22' title="bbox 242 1696 1658 1744; baseline -0.003 -11"><span class='ocrx_word' id='word_1_156' title='bbox 242 1698 381 1733; x_wconf 86' lang='lat' dir='ltr'>natione</span> <span class='ocrx_word' id='word_1_157' title='bbox 411 1697 543 1738; x_wconf 84' lang='lat' dir='ltr'>Scotus,</span> <span class='ocrx_word' id='word_1_158' title='bbox 572 1697 685 1744; x_wconf 85' lang='lat' dir='ltr'>patria</span> <span class='ocrx_word' id='word_1_159' title='bbox 714 1696 937 1737; x_wconf 82' lang='lat' dir='ltr'>Sterlinenfis‚</span> <span class='ocrx_word' id='word_1_160' title='bbox 971 1709 1045 1732; x_wconf 88' lang='lat' dir='ltr'>rem</span> <span class='ocrx_word' id='word_1_161' title='bbox 1079 1698 1269 1733; x_wconf 81' lang='lat' dir='ltr'>literariam</span> <span class='ocrx_word' id='word_1_162' title='bbox 1300 1697 1360 1731; x_wconf 90' lang='lat' dir='ltr'>sub</span> <span class='ocrx_word' id='word_1_163' title='bbox 1397 1696 1528 1742; x_wconf 89' lang='lat' dir='ltr'>optimo</span> <span class='ocrx_word' id='word_1_164' title='bbox 1561 1708 1658 1741; x_wconf 87' lang='lat' dir='ltr'>prae—</span> 
     </span>
     <span class='ocr_line' id='line_1_23' title="bbox 242 1759 1656 1808; baseline -0.001 -12"><span class='ocrx_word' id='word_1_165' title='bbox 242 1766 380 1808; x_wconf 89' lang='lat' dir='ltr'>ceptore</span> <span class='ocrx_word' id='word_1_166' title='bbox 404 1761 555 1796; x_wconf 86' lang='lat' dir='ltr'>Patricio</span> <span class='ocrx_word' id='word_1_167' title='bbox 584 1761 805 1801; x_wconf 85' lang='lat' dir='ltr'>Buchanano,</span> <span class='ocrx_word' id='word_1_168' title='bbox 832 1761 924 1795; x_wconf 85' lang='lat' dir='ltr'>illius</span> <span class='ocrx_word' id='word_1_169' title='bbox 947 1761 1087 1808; x_wconf 85' lang='lat' dir='ltr'>Georgii</span> <span class='ocrx_word' id='word_1_170' title='bbox 1114 1760 1325 1801; x_wconf 84' lang='lat' dir='ltr'>Buchanani,</span> <span class='ocrx_word' id='word_1_171' title='bbox 1350 1765 1532 1807; x_wconf 86' lang='lat' dir='ltr'>poetarum</span> <span class='ocrx_word' id='word_1_172' title='bbox 1558 1759 1656 1794; x_wconf 84' lang='lat' dir='ltr'>facile</span> 
     </span>
     <span class='ocr_line' id='line_1_24' title="bbox 241 1822 1655 1872; baseline -0.003 -12"><span class='ocrx_word' id='word_1_173' title='bbox 241 1825 413 1872; x_wconf 86' lang='lat' dir='ltr'>principis,</span> <span class='ocrx_word' id='word_1_174' title='bbox 438 1825 545 1860; x_wconf 83' lang='lat' dir='ltr'>fratre</span> <span class='ocrx_word' id='word_1_175' title='bbox 570 1836 744 1871; x_wconf 83' lang='lat' dir='ltr'>germano,</span> <span class='ocrx_word' id='word_1_176' title='bbox 768 1824 804 1859; x_wconf 89' lang='lat' dir='ltr'>in</span> <span class='ocrx_word' id='word_1_177' title='bbox 829 1824 943 1859; x_wconf 86' lang='lat' dir='ltr'>schola</span> <span class='ocrx_word' id='word_1_178' title='bbox 966 1824 1175 1866; x_wconf 84' lang='lat' dir='ltr'>Sterlinenfi‚</span> <span class='ocrx_word' id='word_1_179' title='bbox 1199 1825 1331 1859; x_wconf 87' lang='lat' dir='ltr'>summa</span> <span class='ocrx_word' id='word_1_180' title='bbox 1355 1824 1462 1859; x_wconf 89' lang='lat' dir='ltr'>coluit</span> <span class='ocrx_word' id='word_1_181' title='bbox 1484 1822 1655 1857; x_wconf 81' lang='lat' dir='ltr'>industria.</span> 
     </span>
     <span class='ocr_line' id='line_1_25' title="bbox 242 1886 1657 1934; baseline -0.003 -10"><span class='ocrx_word' id='word_1_182' title='bbox 242 1889 393 1925; x_wconf 86' lang='lat' dir='ltr'>Decurso</span> <span class='ocrx_word' id='word_1_183' title='bbox 414 1888 555 1924; x_wconf 87' lang='lat' dir='ltr'>tandem</span> <span class='ocrx_word' id='word_1_184' title='bbox 580 1889 824 1924; x_wconf 85' lang='lat' dir='ltr'>humaniorum</span> <span class='ocrx_word' id='word_1_185' title='bbox 848 1888 1028 1923; x_wconf 88' lang='lat' dir='ltr'>literarum</span> <span class='ocrx_word' id='word_1_186' title='bbox 1057 1888 1174 1929; x_wconf 80' lang='lat' dir='ltr'>studio,</span> <span class='ocrx_word' id='word_1_187' title='bbox 1198 1887 1432 1934; x_wconf 83' lang='lat' dir='ltr'>Andreapoh&#39;n</span> <span class='ocrx_word' id='word_1_188' title='bbox 1459 1887 1503 1922; x_wconf 87' lang='lat' dir='ltr'>ad</span> <span class='ocrx_word' id='word_1_189' title='bbox 1527 1886 1657 1932; x_wconf 82' lang='lat' dir='ltr'>majora</span> 
     </span>
     <span class='ocr_line' id='line_1_26' title="bbox 241 1950 1657 2000; baseline -0.004 -11"><span class='ocrx_word' id='word_1_190' title='bbox 241 1954 349 1989; x_wconf 82' lang='lat' dir='ltr'>studia</span> <span class='ocrx_word' id='word_1_191' title='bbox 382 1953 567 1989; x_wconf 87' lang='lat' dir='ltr'>destinatus</span> <span class='ocrx_word' id='word_1_192' title='bbox 600 1953 673 1994; x_wconf 79' lang='lat' dir='ltr'>est3</span> <span class='ocrx_word' id='word_1_193' title='bbox 713 1957 747 1988; x_wconf 86' lang='lat' dir='ltr'>et</span> <span class='ocrx_word' id='word_1_194' title='bbox 788 1953 938 2000; x_wconf 87' lang='lat' dir='ltr'>primum</span> <span class='ocrx_word' id='word_1_195' title='bbox 974 1952 1225 1999; x_wconf 86' lang='lat' dir='ltr'>philosophicis,</span> <span class='ocrx_word' id='word_1_196' title='bbox 1258 1951 1373 1998; x_wconf 85' lang='lat' dir='ltr'>postea</span> <span class='ocrx_word' id='word_1_197' title='bbox 1405 1962 1487 1985; x_wconf 89' lang='lat' dir='ltr'>vero</span> <span class='ocrx_word' id='word_1_198' title='bbox 1526 1950 1657 1984; x_wconf 85' lang='lat' dir='ltr'>theolo-</span> 
     </span>
     <span class='ocr_line' id='line_1_27' title="bbox 239 2015 1656 2065; baseline -0.004 -12"><span class='ocrx_word' id='word_1_199' title='bbox 239 2017 324 2065; x_wconf 86' lang='lat' dir='ltr'>gicis</span> <span class='ocrx_word' id='word_1_200' title='bbox 352 2018 464 2058; x_wconf 88' lang='lat' dir='ltr'>rebus,</span> <span class='ocrx_word' id='word_1_201' title='bbox 498 2022 571 2053; x_wconf 85' lang='lat' dir='ltr'>tam</span> <span class='ocrx_word' id='word_1_202' title='bbox 604 2017 776 2052; x_wconf 84' lang='lat' dir='ltr'>strenuam</span> <span class='ocrx_word' id='word_1_203' title='bbox 810 2017 950 2052; x_wconf 87' lang='lat' dir='ltr'>navavit</span> <span class='ocrx_word' id='word_1_204' title='bbox 985 2028 1135 2063; x_wconf 84' lang='lat' dir='ltr'>operam,</span> <span class='ocrx_word' id='word_1_205' title='bbox 1177 2022 1211 2051; x_wconf 85' lang='lat' dir='ltr'>et</span> <span class='ocrx_word' id='word_1_206' title='bbox 1244 2016 1281 2050; x_wconf 87' lang='lat' dir='ltr'>in</span> <span class='ocrx_word' id='word_1_207' title='bbox 1315 2015 1467 2062; x_wconf 85' lang='lat' dir='ltr'>utrisque</span> <span class='ocrx_word' id='word_1_208' title='bbox 1500 2021 1572 2049; x_wconf 81' lang='lat' dir='ltr'>tam</span> <span class='ocrx_word' id='word_1_209' title='bbox 1607 2015 1656 2048; x_wconf 91' lang='lat' dir='ltr'>in-</span> 
     </span>
     <span class='ocr_line' id='line_1_28' title="bbox 239 2079 1656 2129; baseline -0.003 -13"><span class='ocrx_word' id='word_1_210' title='bbox 239 2081 367 2129; x_wconf 80' lang='lat' dir='ltr'>fignem</span> <span class='ocrx_word' id='word_1_211' title='bbox 395 2080 571 2128; x_wconf 78' lang='lat' dir='ltr'>acquisivit</span> <span class='ocrx_word' id='word_1_212' title='bbox 596 2081 836 2128; x_wconf 81' lang='lat' dir='ltr'>cognitionem,</span> <span class='ocrx_word' id='word_1_213' title='bbox 866 2086 905 2115; x_wconf 89' lang='lat' dir='ltr'>ut</span> <span class='ocrx_word' id='word_1_214' title='bbox 935 2092 1053 2115; x_wconf 86' lang='lat' dir='ltr'>omnes</span> <span class='ocrx_word' id='word_1_215' title='bbox 1082 2079 1158 2115; x_wconf 90' lang='lat' dir='ltr'>suos</span> <span class='ocrx_word' id='word_1_216' title='bbox 1187 2091 1331 2114; x_wconf 88' lang='lat' dir='ltr'>coaevos</span> <span class='ocrx_word' id='word_1_217' title='bbox 1356 2079 1484 2114; x_wconf 73' lang='lat' dir='ltr'>virtute</span> <span class='ocrx_word' id='word_1_218' title='bbox 1510 2091 1550 2113; x_wconf 87' lang='lat' dir='ltr'>ac</span> <span class='ocrx_word' id='word_1_219' title='bbox 1580 2090 1656 2113; x_wconf 90' lang='lat' dir='ltr'>eru-</span> 
     </span>
     <span class='ocr_line' id='line_1_29' title="bbox 242 2141 1656 2193; baseline -0.004 -12"><span class='ocrx_word' id='word_1_220' title='bbox 242 2145 371 2181; x_wconf 87' lang='lat' dir='ltr'>ditione</span> <span class='ocrx_word' id='word_1_221' title='bbox 398 2145 582 2193; x_wconf 84' lang='lat' dir='ltr'>superaret.</span> <span class='ocrx_word' id='word_1_222' title='bbox 643 2145 826 2192; x_wconf 86' lang='lat' dir='ltr'>Postquam</span> <span class='ocrx_word' id='word_1_223' title='bbox 854 2144 1014 2180; x_wconf 88' lang='lat' dir='ltr'>liberales</span> <span class='ocrx_word' id='word_1_224' title='bbox 1040 2148 1132 2179; x_wconf 83' lang='lat' dir='ltr'>artes</span> <span class='ocrx_word' id='word_1_225' title='bbox 1161 2148 1196 2178; x_wconf 87' lang='lat' dir='ltr'>et</span> <span class='ocrx_word' id='word_1_226' title='bbox 1224 2142 1381 2178; x_wconf 86' lang='lat' dir='ltr'>scientias</span> <span class='ocrx_word' id='word_1_227' title='bbox 1408 2141 1656 2188; x_wconf 83' lang='lat' dir='ltr'>philosophicas</span> 
     </span>
     <span class='ocr_line' id='line_1_30' title="bbox 242 2205 1656 2256; baseline -0.003 -12"><span class='ocrx_word' id='word_1_228' title='bbox 242 2207 416 2249; x_wconf 84' lang='lat' dir='ltr'>didicifl&#39;et,</span> <span class='ocrx_word' id='word_1_229' title='bbox 451 2215 486 2245; x_wconf 93' lang='lat' dir='ltr'>et</span> <span class='ocrx_word' id='word_1_230' title='bbox 523 2207 708 2256; x_wconf 86' lang='lat' dir='ltr'>magisterii</span> <span class='ocrx_word' id='word_1_231' title='bbox 741 2208 894 2243; x_wconf 82' lang='lat' dir='ltr'>lauream</span> <span class='ocrx_word' id='word_1_232' title='bbox 930 2208 1076 2254; x_wconf 86' lang='lat' dir='ltr'>adeptus</span> <span class='ocrx_word' id='word_1_233' title='bbox 1110 2206 1202 2247; x_wconf 85' lang='lat' dir='ltr'>esset,</span> <span class='ocrx_word' id='word_1_234' title='bbox 1237 2206 1439 2254; x_wconf 85' lang='lat' dir='ltr'>theologicis</span> <span class='ocrx_word' id='word_1_235' title='bbox 1472 2205 1589 2241; x_wconf 86' lang='lat' dir='ltr'>studiis</span> <span class='ocrx_word' id='word_1_236' title='bbox 1623 2205 1656 2240; x_wconf 85' lang='lat' dir='ltr'>se</span> 
     </span>
    </p>
   </div>
   <div class='ocr_carea' id='block_1_7' title="bbox 241 2269 1655 2352">
    <p class='ocr_par' dir='ltr' id='par_1_7' title="bbox 241 2269 1655 2352">
     <span class='ocr_line' id='line_1_31' title="bbox 241 2269 1655 2320; baseline -0.003 -13"><span class='ocrx_word' id='word_1_237' title='bbox 241 2277 355 2307; x_wconf 84' lang='lat' dir='ltr'>tot-um</span> <span class='ocrx_word' id='word_1_238' title='bbox 382 2272 538 2314; x_wconf 87' lang='lat' dir='ltr'>dedidit;</span> <span class='ocrx_word' id='word_1_239' title='bbox 572 2273 669 2320; x_wconf 86' lang='lat' dir='ltr'>cujus</span> <span class='ocrx_word' id='word_1_240' title='bbox 697 2271 873 2307; x_wconf 86' lang='lat' dir='ltr'>scientiam</span> <span class='ocrx_word' id='word_1_241' title='bbox 902 2270 1145 2318; x_wconf 83' lang='lat' dir='ltr'>speculativam</span> <span class='ocrx_word' id='word_1_242' title='bbox 1173 2270 1232 2306; x_wconf 90' lang='lat' dir='ltr'>ubi</span> <span class='ocrx_word' id='word_1_243' title='bbox 1263 2270 1297 2305; x_wconf 90' lang='lat' dir='ltr'>in</span> <span class='ocrx_word' id='word_1_244' title='bbox 1328 2270 1481 2317; x_wconf 84' lang='lat' dir='ltr'>Collegio</span> <span class='ocrx_word' id='word_1_245' title='bbox 1508 2269 1655 2304; x_wconf 87' lang='lat' dir='ltr'>Leonar-</span> 
     </span>
     <span class='ocr_line' id='line_1_32' title="bbox 1485 2328 1509 2352; baseline 0 0"><span class='ocrx_word' id='word_1_246' title='bbox 1485 2328 1509 2352; x_wconf 85' lang='lat' dir='ltr'>R</span> 
     </span>
    </p>
   </div>
  </div>
 </body>
</html>
