1913 2692
611 237 670 266 DE
710 237 1043 268 SCRIPTORIBUS
1082 238 1243 269 SCOTIS.
1588 245 1625 272 ‘21

214 326 382 367 Genevae,
415 327 592 373 Rupellae,
627 332 690 361 etc.
725 327 927 374 theologicis
955 329 1077 363 studiis
1112 341 1252 375 operam
1287 332 1433 365 navavit.
1498 333 1629 367 Deinde

213 403 291 426 cum
329 391 364 425 in
401 391 548 437 patriam
586 390 744 431 rediifl'et,
785 391 828 426 ad
866 392 1038 438 publicam
1077 392 1312 439 profeffionem
1352 395 1545 441 theologiae
1594 398 1627 431 in

212 455 398 489 Academia
424 455 608 490 Andreana
638 462 786 490 vocatus.
842 455 904 490 Vir
933 463 1007 492 erat
1036 458 1158 504 gravia
1189 459 1352 499 eruditus,
1384 465 1418 494 et
1448 460 1628 507 theologus

211 519 357 560 solidus;
390 519 584 554 selectiores
615 520 725 554 omnis
749 520 885 567 generis
915 520 1020 556 libros
1050 522 1165 556 sedulo
1195 528 1230 556 et
1260 535 1328 557 non
1358 524 1521 558 mediocri
1552 537 1628 570 pro-

210 582 322 629 grefl'u
339 583 518 629 pervolvit.
571 584 670 619 Unde
690 583 815 630 scripiit

356 647 479 682 Thefes
496 647 728 694 Theologieas.

210 713 384 751 Poemata,
415 712 604 752 Orationes,
636 717 670 746 et
699 712 767 746 alia
790 712 991 758 imperfecta
1018 712 1089 758 post
1119 713 1251 748 obitum
1282 714 1430 760 reliquit.
1492 716 1625 751 Claruit

209 789 300 812 anno
342 783 461 823 partus
501 777 645 823 virginei
690 779 792 816 1616,
839 776 921 810 dum
968 782 1129 823 regnaret
1171 777 1207 811 in
1248 777 1429 813 Britannia
1475 779 1626 814 Jacobus

210 854 281 876 ΪΘΧ.

615 985 678 1019 DE
703 985 888 1020 JOANNE
915 984 1210 1019 ANDERSONO.

206 1099 376 1133 JOANNES
403 1098 660 1137 ANDERSONUS,
684 1097 719 1131 in
750 1096 1005 1143 septentrionali
1032 1102 1129 1142 parte
1156 1096 1291 1132 Scotiae
1320 1104 1430 1137 natus,
1459 1104 1562 1146 atque
1590 1101 1624 1134 in

209 1161 395 1196 Academia
426 1160 657 1195 Aberdonenfi
688 1161 869 1200 institutus,
900 1161 1079 1207 postquam
1112 1161 1344 1208 philosophiae
1377 1163 1548 1209 [cursum]
1590 1165 1624 1198 in

208 1226 327 1260 eadem
351 1223 549 1264 absolvisset,
573 1225 616 1259 ad
640 1230 775 1259 exteras
792 1224 825 1259 se
851 1225 1016 1265 contulit;
1044 1231 1078 1259 et
1102 1225 1279 1271 postquam
1300 1227 1412 1262 varias
1431 1228 1624 1263 academias

207 1287 444 1335 perlustrasset,
468 1288 608 1322 tandem
635 1288 671 1322 in
693 1288 822 1323 Gallias
844 1289 989 1329 rediens,
1014 1289 1137 1324 relicta
1164 1290 1329 1337 religione
1354 1304 1422 1337 qua
1446 1292 1481 1325 in
1508 1293 1623 1327 Scotia

207 1354 370 1388 educatus
402 1352 525 1391 fuerat,
556 1352 590 1386 in
624 1352 815 1399 Collegium
841 1352 1051 1388 Jesuitaruxn
1085 1353 1117 1388 se
1147 1355 1302 1396 contulit,
1339 1356 1425 1390 adeo
1455 1362 1493 1390 ut
1533 1357 1623 1392 illius

207 1417 334 1452 ordinis
362 1422 396 1450 et
423 1414 633 1462 profeffionis
662 1416 849 1451 acerrimus
877 1416 989 1452 faetus
1019 1417 1058 1452 fit
1085 1417 1249 1453 defensor.
1318 1420 1472 1466 Reliquit
1502 1433 1622 1456 monu-

206 1486 323 1516 menta
340 1480 389 1515 sui
407 1480 543 1526 ingenii,

351 1545 403 1579 De
422 1544 660 1579 Fundamento
679 1545 876 1580 Catholicae
895 1545 1092 1591 Religionis,
1112 1545 1168 1579 lib.
1188 1555 1241 1579 111.

349 1608 401 1643 De
419 1607 667 1642 Controverfiis
685 1609 884 1655 Religionis,

205 1672 339 1717 aliaque
363 1671 540 1717 quaedam.
592 1671 725 1706 Claruit
751 1684 841 1707 anno
866 1674 968 1713 1624,
993 1678 1159 1719 regnante
1185 1674 1317 1710 Jacobo
1344 1675 1461 1710 Primo
1486 1677 1621 1712 Britan-

205 1736 340 1770 niarum
358 1747 448 1781 rege.

610 1879 672 1914 DE
699 1880 907 1915 SIMEONE
932 1880 1211 1916 CRAUMUND.

205 1993 347 2027 Snffiox
379 2002 426 2026 DE
454 1992 677 2032 CRAUMUND‚
712 1993 850 2027 natione
881 1993 1013 2033 Scotus„
1050 1993 1090 2028 fic
1125 1994 1239 2029 dietus
1272 2008 1293 2029 a
1327 1996 1407 2031 villa
1439 1998 1481 2031 de
1513 1999 1619 2033 Crau-

204 2056 319 2095 mund,
354 2056 447 2102 quod
476 2055 642 2102 capellam
673 2056 719 2090 ibi
753 2057 796 2091 ad
821 2057 964 2091 fluvium
994 2057 1194 2093 Craumund
1226 2059 1470 2101 construxerat,
1501 2074 1618 2098 monae

203 2120 286 2154 chus
319 2119 448 2154 ordinis
482 2121 602 2154 beatae
636 2120 766 2155 Mariae
800 2121 953 2167 Virginis
987 2122 1028 2156 de
1066 2122 1186 2158 Monte
1221 2124 1380 2165 Carmeli,
1421 2127 1617 2172 patriarcha

202 2183 314 2218 fuerat
342 2183 555 2223 Antiochiae,
587 2189 625 2218 ut
653 2184 796 2219 testatur
829 2185 977 2220 Thomas
1010 2186 1230 2232 Dempsterus
1260 2188 1295 2222 in
1326 2189 1384 2223 suo
1415 2191 1615 2237 Apparatu;

203 2258 281 2281 cum
299 2252 416 2281 tamen
439 2258 564 2281 nomen
588 2247 619 2281 ei
640 2247 850 2293 gentilitium
870 2247 974 2284 fuerit
996 2250 1101 2291 Keth,
1124 2251 1269 2287 Comitis
1285 2253 1479 2289 Mareshalli
1501 2268 1615 2302 nepos,
