1913 2692
264 231 283 258 2
654 229 717 259 DE
752 228 1084 260 SCRIPTORIBUS
1119 227 1280 258 SCOTIS.

268 320 439 354 Orcadum
470 320 639 354 vivebant.
699 319 850 354 Tandem
876 318 1023 353 moritur
1051 330 1141 353 anno
1170 317 1293 353 aetatis
1321 317 1400 352 suae
1426 317 1669 364 septuagesimo

266 384 379 423 tertio,
414 395 503 418 anno
533 382 793 429 Redemptionis
826 382 966 416 humani
999 381 1134 428 generis
1161 382 1242 421 565,
1277 386 1311 416 et
1337 381 1373 415 in
1402 380 1531 416 Huenfi
1565 380 1672 416 insula

267 447 426 493 sepultus,
452 446 512 481 sub
536 446 702 493 regimine
728 446 875 492 Eugenii
900 445 1006 480 Tertii
1031 445 1066 479 in
1092 445 1216 480 Scotia.

806 587 869 621 DE
895 587 1146 621 BATHENIO.

271 701 475 735 BATHENUS
509 698 566 732 seu
602 697 791 732 Bathenius
829 697 865 730 in
903 697 1054 732 Scotiam
1089 697 1238 731 multum
1275 697 1440 732 momenti
1482 697 1599 732 attulit
1633 698 1677 732 ad

272 763 424 798 ecclefias
457 763 630 797 Romanas
667 760 910 799 reformandas,
945 760 1005 795 sub
1044 761 1210 795 Pontifice
1499 788 1507 801 ‚
1543 766 1582 796 ut
1614 760 1678 795 tes-

271 832 365 862 tatur
398 827 638 861 Adamannus:
683 825 736 859 w'r
781 824 931 859 austerae
974 824 1064 859 vitae
1098 829 1133 858 et
1177 823 1448 864 conversationis,
1492 822 1679 870 plurimum

273 890 527 936 Scripturarum
560 887 702 922 lectioni
736 887 879 926 deditus,
913 892 1049 921 tantum
1084 899 1164 922 vero
1191 887 1270 921 inde
1303 886 1456 933 profecit,
1490 891 1529 922 ut
1563 898 1680 933 quam-

272 954 419 1000 plurima
444 952 617 987 volumina
642 950 830 997 posteritati
856 950 1043 996 reliquerit,
1069 951 1159 986 inter
1185 963 1273 997 quae
1297 951 1382 986 haec
1406 962 1536 996 pauca:

417 1017 471 1051 De
496 1027 577 1050 vero
603 1020 637 1049 et
662 1014 789 1049 sincero
815 1014 881 1048 Dei
907 1014 1021 1048 Cultu.

418 1079 660 1114 Meditationes
685 1078 720 1112 in
745 1078 894 1113 Mortem
919 1083 955 1112 et
980 1077 1170 1113 Paffionem
1195 1077 1327 1112 Christi.

276 1145 322 1179 Et
355 1143 464 1178 multa
499 1143 574 1178 alia.
635 1142 767 1177 Claruit
802 1153 892 1176 anno
927 1153 948 1176 a
982 1146 1085 1187 partu
1119 1141 1270 1188 Virginis
1297 1142 1376 1182 706,
1414 1141 1496 1175 dum
1532 1140 1682 1176 habenas

276 1208 373 1254 regni
397 1208 565 1242 tractaret
590 1205 765 1252 Eugenius
790 1205 972 1251 Septimus.

654 1347 717 1382 DE
743 1347 984 1383 GULIELMO
1010 1344 1306 1380 ALBANIENSI.

282 1462 498 1496 GULIELMUS
523 1459 783 1499 ALBANIENsrs,
814 1458 1001 1493 monachus
1029 1457 1065 1492 in
1090 1457 1199 1492 insula
1224 1456 1372 1492 Huenfi:
1402 1456 1579 1504 postquam
1604 1468 1686 1492 vero

282 1524 487 1559 monachum
517 1523 684 1562 induerat,
714 1522 785 1557 acri
810 1522 942 1556 fervore
968 1526 1003 1556 et
1027 1521 1100 1556 zelo
1128 1520 1225 1555 libris
1252 1520 1407 1556 incubuit
1432 1521 1475 1556 ad
1501 1521 1534 1556 S.
1560 1521 1688 1556 Alban-

282 1602 340 1624 um
366 1588 493 1624 ordinis
518 1587 551 1622 S.
577 1586 767 1621 Benedicti.
818 1586 964 1621 Natione
988 1585 1101 1620 fuerat
1123 1584 1253 1619 Scotus.
1304 1584 1359 1618 Ad
1384 1585 1580 1631 exemplum
1605 1584 1687 1620 alio-

283 1665 361 1688 rum
394 1653 548 1691 fratrum,
584 1650 643 1697 qui
668 1651 703 1685 in
729 1651 849 1686 eodem
883 1649 1046 1685 coenobio
1079 1648 1187 1683 literis
1219 1647 1471 1690 incumbebant,
1504 1648 1574 1695 ipse
1598 1648 1687 1684 alac-

284 1717 354 1751 rius
380 1715 505 1751 studuit
530 1720 568 1749 ut
593 1713 680 1760 ipsos
705 1714 873 1748 incitaret.
924 1712 1061 1758 Scripsit

429 1778 546 1813 Vitam
571 1777 605 1811 S.
632 1776 757 1811 Albani
783 1775 955 1823 Martyris,
982 1775 1116 1810 Scotico
1143 1774 1305 1809 sermone.

284 1843 415 1879 Claruit
440 1853 530 1877 anno
555 1840 741 1876 Salvatoris
765 1840 888 1875 Mundi
915 1842 996 1880 590,
1022 1844 1187 1885 regnante
1213 1838 1348 1874 Aidano
1372 1837 1409 1873 in
1434 1837 1558 1874 Scotia.

828 1982 892 2016 DE
918 1981 1150 2016 BERVICIO.

288 2097 500 2135 BERVICIUQ
531 2106 573 2129 ex
598 2106 723 2140 genere
756 2093 937 2128 Scotorum
964 2092 1128 2127 oriundus
1152 2091 1188 2126 in
1213 2092 1343 2126 Mer-cia
1375 2091 1509 2127 Scotiae
1539 2091 1692 2127 australis

286 2160 469 2206 provincia,
495 2159 531 2193 in
556 2158 654 2193 bonis
678 2157 786 2192 literis
811 2163 845 2192 et
870 2157 1022 2192 moribus
1052 2161 1234 2201 parentum
1259 2167 1341 2190 cura
1365 2160 1400 2190 et
1430 2154 1586 2201 impenfis
1611 2155 1693 2190 edu-

286 2227 391 2261 catus,
436 2221 548 2267 postea
591 2220 778 2255 Edfredum
820 2220 1013 2266 episcopum
1055 2218 1371 2259 Lindisfernenlbm,
1414 2218 1564 2259 Scotum,
1607 2230 1693 2265 prae-

285 2290 464 2331 ceptor-em
502 2284 631 2324 habuit,
668 2284 758 2330 apud
801 2295 902 2329 quem
939 2282 1124 2329 plurimum
1163 2282 1198 2317 in
1237 2282 1338 2317 sacris
1378 2282 1486 2318 literis
1526 2282 1692 2329 profecit:
