1913 2692
297 261 358 290 104
699 260 761 290 DE
795 259 1129 291 SCRIPTORIBUS
1165 261 1328 291 SCOTIS.

295 351 391 389 ciem,
415 351 560 386 ulterius
586 350 742 386 detineri.
786 350 968 386 Constituit
993 363 1075 398 ergo
1100 351 1263 398 piissimus
1285 351 1409 386 Christi
1430 351 1579 386 famulus
1605 353 1709 392 abire,

295 400 347 453 ac‚i
367 426 430 460 pro
457 415 522 449 Dei
549 414 651 448 domo
676 415 787 448 zelum
818 414 955 454 habens,
987 415 1188 450 remotiores
1214 415 1308 450 adire
1337 415 1538 461 provincias,
1568 420 1606 450 ut
1636 422 1707 451 tam

294 483 448 523 apertam
476 477 540 511 Dei
576 477 829 523 blasphemiam,
861 483 895 512 et
929 477 1084 512 salutaris
1120 478 1192 524 ejus
1224 478 1319 512 verbi
1348 478 1516 524 injuriam,
1546 479 1707 524 gravibus

295 540 361 575 suis
388 540 519 586 scriptis
547 540 761 580 vindicaret3
791 546 827 575 et
852 553 959 586 quum
986 540 1126 575 veniffet
1156 541 1358 582 Londinum,
1385 543 1548 588 quosdam
1576 548 1610 577 et
1636 543 1705 578 illic

294 603 424 638 invenit
461 604 582 638 eodem
615 604 811 638 laborantes
844 605 992 639 morbo.'’
1047 605 1204 650 Arripuit
1233 616 1315 651 ergo
1352 605 1530 645 calamum,
1566 612 1599 640 et
1633 608 1703 652 post

294 667 464 712 quandam
502 667 536 700 in
570 678 611 701 ea
643 679 690 706 re,
726 672 931 713 procurante
970 667 1171 708 Cromwelo,
1213 668 1501 714 disceptationem,
1545 670 1704 705 adversus

293 730 462 765 Joannem
491 730 674 776 Stokessey‚
703 730 950 766 Londinensem
980 732 1182 778 episcopum,
1210 741 1253 767 ex
1284 731 1469 778 Scripturis
1498 733 1597 767 sacris
1626 745 1703 769 con-

292 793 397 840 geffit,
631 825 634 828 ⁴

439 859 491 893 De
509 858 729 894 Aueioritate
748 859 853 893 Verbi
872 859 946 899 Dei,
964 859 1021 894 lib.
1040 869 1063 893 1.

438 923 493 957 Ad
510 922 691 957 Scotorum
710 923 850 967 Regem,
869 927 989 957 contra
1005 921 1197 968 Episcopos.

438 986 477 1020 In
496 997 614 1021 omnes
632 986 797 1032 Epistolas
814 986 922 1026 Pauli,
940 986 997 1020 lib.
1017 995 1091 1020 xlv,

438 1050 692 1096 Disputationes
710 1050 745 1084 in
763 1050 911 1084 Paulum
927 1050 971 1084 ad
989 1050 1172 1091 Romanos,
1191 1051 1247 1086 lib.
1267 1062 1288 1085 1.

436 1114 567 1148 Contra
584 1114 781 1148 Calumnias
798 1114 967 1153 Cochlaei‚
985 1113 1042 1148 lib.
1060 1124 1083 1148 1.

437 1178 488 1212 De
506 1179 681 1224 utriusque
700 1178 851 1212 Naturae
870 1177 997 1212 Officiis
1015 1178 1049 1212 in
1066 1177 1207 1217 Christo,
1227 1178 1282 1212 lib.

437 1242 489 1276 De
507 1242 666 1277 distincta
683 1243 754 1288 ejus
773 1241 955 1288 Hypostafi,
973 1241 1030 1276 lib.
1050 1251 1072 1275 1.

435 1306 564 1341 Contra
581 1306 838 1341 Lovanienfium
856 1305 1039 1345 Articulos,
1057 1305 1113 1339 lib.
1133 1315 1155 1340 1.

435 1369 487 1404 De
503 1369 760 1409 Justificatione‚
778 1374 899 1404 contra
916 1368 1126 1407 Ofiandmm,
1145 1367 1202 1402 lib.

434 1434 564 1469 Contra
580 1434 785 1469 Michaelem
803 1434 993 1473 Servetum‚
1012 1432 1069 1467 lib.

434 1497 486 1532 De
505 1497 690 1544 Scripturis
706 1497 874 1544 Legendis
891 1497 926 1531 in
944 1496 1077 1543 Lingua
1092 1501 1257 1535 materna,
1276 1495 1332 1530 lib.

433 1562 501 1596 Pro
520 1561 702 1596 Scotorum
721 1561 921 1596 Concordia.

289 1625 467 1659 Convertit
496 1626 539 1660 ab
567 1625 713 1671 Anglico
742 1623 896 1659 sermone
926 1623 961 1657 in
987 1623 1141 1669 linguam
1170 1622 1327 1657 Latinam
1358 1621 1599 1658 Ordinationes
1628 1626 1698 1658 An-

287 1690 422 1735 glorum
461 1688 637 1729 Ecclefiae,
672 1688 729 1723 lib.
768 1687 1023 1723 Praefationem
1054 1686 1154 1733 super
1190 1685 1395 1721 Obedientia
1428 1686 1619 1727 Gardineri,
1661 1695 1695 1723 et

289 1754 355 1788 alia
393 1753 573 1799 permulta,
612 1765 699 1799 quae
737 1752 781 1787 ad
818 1751 1005 1787 utilitatem
1046 1749 1204 1785 ecclefiae
1246 1749 1415 1796 congestit,
1449 1756 1484 1785 et
1518 1751 1552 1785 in
1586 1752 1697 1787 nostro

289 1818 479 1852 nostrorum
507 1816 722 1863 Scriptorum
751 1816 918 1862 Catalogo
946 1814 1048 1850 fufius
1074 1818 1328 1849 enumerantur.
1389 1813 1522 1849 Claruit
1550 1815 1584 1848 in
1613 1815 1696 1850 Sax-

289 1882 366 1917 onia
383 1893 473 1916 anno
491 1880 596 1915 Verbi
613 1880 781 1916 incarnati
801 1881 904 1921 1558,
921 1879 982 1915 sub
998 1878 1110 1913 Maria
1124 1877 1306 1913 Scotorum
1324 1878 1452 1924 regina.

700 2022 763 2056 DE
788 2021 1010 2057 PATRICIO
1035 2021 1332 2057 COCKBURNO.

287 2136 486 2171 PATmcms
512 2135 770 2173 coenavimus,
792 2146 835 2169 ex
860 2132 1036 2179 praeclara
1064 2133 1212 2179 quadam
1238 2132 1418 2168 Scotorum
1443 2133 1572 2168 familia
1595 2146 1696 2181 prog-

287 2206 394 2239 natus,
429 2213 450 2234 a
482 2199 630 2245 pueritia
662 2199 698 2233 in
731 2199 910 2234 literarum
943 2196 1060 2232 studiis
1086 2196 1218 2231 utiliter
1246 2196 1431 2236 educatus3
1467 2209 1556 2237 nam,
1583 2204 1621 2232 ut
1653 2199 1694 2233 de

286 2276 326 2298 eo
360 2263 474 2298 scribit
503 2275 685 2303 nonnemO,
714 2262 782 2298 olei
810 2267 948 2298 tantum
976 2266 1012 2296 et
1044 2272 1169 2307 operae
1202 2260 1237 2294 in
1269 2259 1385 2294 studiis
1413 2260 1559 2295 honestis
1593 2262 1694 2297 collo-

285 2328 383 2367 cavit,
417 2332 585 2374 quantum
618 2326 676 2361 suo
711 2325 822 2361 seculo
855 2326 891 2360 in
925 2337 966 2360 ea
998 2323 1110 2370 patria
1142 2323 1240 2369 pauci
1275 2323 1374 2358 claris
1408 2324 1578 2359 natalibus
1615 2326 1691 2360 orti.
