1996 2785
877 265 911 298 iii

186 362 276 413 quis
315 374 356 399 es
395 360 465 412 qui
506 359 604 398 haec
642 359 761 410 leges,
799 357 931 405 velim,
970 360 1106 405 amice,
1145 359 1243 397 scias
1281 359 1346 397 hic
1380 365 1421 398 te
1454 359 1600 397 habere

186 434 387 474 conatum,
412 433 458 466 ut
478 426 663 472 liberum,
694 427 751 465 ita
771 427 1010 472 modestum,
1031 426 1207 464 hominis
1228 426 1394 477 quidem
1424 429 1602 474 ὀψεμαθοῦς

187 494 426 547 [legendum
456 497 664 549 ὁψηωοιθοῦς]9
695 499 746 541 et,
776 500 824 532 ut
853 494 936 545 ipse
971 494 1147 545 ingenue
1181 493 1343 539 fatetur,
1377 498 1601 541 παυξομαθοῦς,

186 563 349 601 interim
389 568 477 600 tum
512 568 709 610 φιλομαθοῦς,
745 567 833 599 tum
868 567 1060 605 φιλαληθοῦς,
1101 574 1221 612 super
1260 574 1302 598 re
1336 559 1521 605 maxima,
1561 559 1602 596 id

186 636 257 676 est,
281 643 400 681 super
420 629 577 667 animae
606 634 767 667 nostrae
790 629 948 680 integra
976 627 1154 673 historia,
1184 628 1253 666 ubi
1275 628 1432 666 animae
1461 627 1603 665 huma-

187 711 261 735 nae
282 697 447 735 nomina
466 697 572 735 varia
593 696 752 742 evolvit,
782 702 970 734 naturam
1005 695 1167 733 semotis
1196 695 1398 733 erroribus
1427 693 1602 746 explicat

188 768 283 801 τόπου
305 764 346 802 in
367 778 542 816 corpore,
564 764 716 802 indicat
735 766 909 806 ἀθανασίαν,
940 762 1192 800 demonstrat
1212 768 1419 814 separatae
1440 767 1602 806 statum,

188 838 229 870 et
262 832 398 870 denuo
427 832 566 869 unitae
598 830 753 882 corpori
788 830 1064 868 conditionem
1094 829 1295 867 ostendit:
1335 843 1439 880 quae
1469 828 1603 867 omnia

188 899 325 950 paucis
356 905 397 936 et
431 897 546 936 claris
578 911 651 949 pro
684 896 852 935 modulo
885 895 1097 934 tenuitatis
1132 909 1226 934 suae
1260 896 1486 934 industrius
1520 909 1604 934 mo-

188 965 300 1004 litur.
375 965 466 1008 Quo
504 965 546 1003 in
586 964 750 1016 negotio
788 964 820 1002 si
857 968 1023 1016 propter
1071 962 1392 1002 imbecillitatem
1442 963 1604 1015 ingenii,

189 1033 384 1071 librorum
418 1038 460 1071 et
493 1032 566 1070 otii
605 1031 793 1084 inopiam,
826 1044 909 1069 non
940 1029 1061 1082 plene
1100 1030 1235 1069 effecit
1272 1031 1383 1082 quod
1422 1031 1524 1069 serio
1563 1031 1605 1067 in

190 1100 291 1139 votis
320 1099 475 1145 habuit,
506 1105 642 1138 tamen
672 1099 749 1137 hoc
775 1113 847 1137 suo
871 1097 1148 1150 qualicunque
1175 1096 1311 1136 labore
1340 1099 1391 1136 ad
1422 1098 1464 1136 id
1494 1111 1606 1136 exac-

189 1168 270 1205 tius
304 1167 601 1218 exequendum,
636 1167 748 1218 quod
778 1165 857 1212 ille,
892 1165 1107 1218 praedictis
1144 1165 1409 1203 incommodis
1443 1179 1607 1217 praepe-

189 1235 310 1280 ditus,
330 1240 532 1286 praestare
561 1234 671 1272 omni
692 1247 741 1272 ex
761 1238 876 1286 parte
904 1232 1101 1284 nequivit,
1125 1231 1221 1271 licet
1240 1233 1415 1271 maxime
1445 1233 1606 1285 optarit,

191 1316 232 1340 se
266 1301 433 1340 meliora
467 1301 629 1354 ingenia
662 1301 865 1347 excitasse,
899 1300 1048 1352 quibus
1080 1298 1174 1338 libri
1203 1306 1245 1338 et
1279 1300 1409 1338 otium
1444 1300 1608 1338 abunde

192 1375 427 1421 suppetunt,
457 1383 538 1407 non
568 1368 717 1406 dubius
746 1368 819 1406 sibi
850 1367 1057 1420 spondet.’'
1116 1367 1173 1405 Et
1202 1367 1244 1405 in
1274 1367 1400 1405 altera
1429 1366 1608 1419 epistola,

193 1443 213 1459 “
243 1436 523 1474 Illustrissimo
551 1436 647 1482 viro,
682 1436 800 1474 Dom.
832 1433 1055 1473 Guillelmo
1088 1434 1283 1480 Craveno,
1318 1435 1370 1472 D.
1401 1434 1452 1473 de
1482 1434 1609 1473 Ham-

194 1504 309 1549 steid,
329 1504 397 1542 &c.
419 1503 552 1555 Regni
574 1502 745 1554 Angliae
766 1503 893 1548 Pari,’'
923 1503 1021 1540 haec
1040 1502 1091 1540 de
1111 1515 1152 1540 se
1173 1501 1471 1540 Buchananus:
1503 1507 1523 1524 ‘⁶
1537 1502 1611 1540 Su-

193 1570 417 1622 perioribus
455 1570 571 1608 annis
612 1584 741 1622 quum
780 1570 822 1609 in
861 1569 1004 1609 Galliis
1042 1570 1241 1621 degerem,
1289 1570 1414 1608 bonos
1454 1568 1609 1620 aliquot

195 1638 386 1676 authores
419 1640 506 1675 zaro}
539 1641 704 1687 ‹rvyzvga'av
742 1652 913 1684 versans,
962 1644 1003 1676 et
1041 1650 1201 1675 mecum
1250 1637 1334 1688 ipse
1386 1637 1609 1675 identidem

196 1706 407 1751 meditans,
445 1706 644 1757 quaedam
678 1711 718 1744 et
747 1719 793 1744 ea
832 1719 913 1744 non
952 1718 1089 1756 pauca,
1129 1718 1262 1756 neque
1291 1704 1393 1742 scitu
1433 1704 1611 1755 indigna,

198 1786 330 1824 neque
360 1774 528 1824 ingrata,
561 1786 681 1824 super
714 1773 848 1810 anima
879 1772 1055 1810 hominis
1086 1771 1197 1810 haud
1232 1772 1317 1810 sine
1352 1785 1448 1810 cura
1481 1772 1613 1810 obser-

197 1853 343 1885 varam,
377 1854 481 1891 quae
506 1840 652 1892 partim
687 1840 727 1877 in
758 1839 976 1877 amicorum
1008 1839 1191 1891 gratiam,
1223 1839 1371 1891 partim
1403 1839 1445 1877 in
1477 1852 1613 1877 meum

199 1907 323 1959 ipsius
371 1907 639 1953 commodum,
692 1920 875 1945 sermone
924 1907 955 1944 F
959 1905 1196 1958 rancogallis
1243 1905 1444 1952 familiari,
1493 1913 1613 1958 prout

198 1980 298 2012 tunc
335 1981 532 2026 poteram,
569 1974 716 2013 chartis
756 1974 1057 2026 consignaram3
1106 1974 1271 2012 tandem
1306 1980 1397 2026 post
1435 1972 1614 2025 plurium

200 2055 399 2080 annorum
429 2042 525 2080 foris
553 2055 705 2080 moram
728 2042 779 2079 ad
808 2048 965 2080 nostros
998 2054 1189 2086 reversus,
1219 2054 1348 2092 quum
1378 2041 1488 2092 apud
1518 2054 1618 2078 non-

202 2108 347 2155 nullos,
375 2115 423 2147 ut
451 2109 550 2160 pios,
579 2109 636 2147 ita
664 2109 813 2154 doctos,
842 2109 893 2147 de
913 2122 959 2147 ea
976 2122 1030 2153 re,
1060 2108 1165 2146 sicut
1194 2121 1483 2159 saepenumero
1512 2108 1618 2145 inter

204 2190 337 2214 rerum
369 2176 583 2215 meliorum
618 2176 817 2214 studiosos
849 2175 907 2222 fit,
939 2176 1058 2213 verba
1092 2175 1275 2220 facerem,
1309 2176 1358 2213 ab
1390 2174 1438 2213 iis
1472 2175 1619 2213 obnixe

204 2244 396 2282 invitatus
431 2244 500 2289 fui,
538 2250 584 2282 ut
613 2257 716 2295 quae
746 2244 796 2281 de
830 2242 963 2281 anima
997 2248 1134 2280 nostra
1167 2242 1208 2280 in
1241 2242 1418 2294 privatos
1452 2255 1544 2280 usos
1579 2248 1617 2280 et

205 2311 395 2350 idiomate
431 2311 501 2349 uni
534 2311 646 2362 genti
683 2309 897 2348 vernaculo
930 2310 1077 2362 scripta
1105 2309 1309 2356 haberem,
1349 2309 1390 2348 in
1425 2309 1620 2349 Latinum
