1913 2692
605 194 666 224 DE
705 194 1037 226 SCRIPTORIBUS
1076 196 1239 227 SCOTIS.
1602 202 1641 232 63

214 284 257 318 do
292 289 413 319 acutus
437 295 476 318 ac
509 289 675 323 maturus,
702 289 737 317 et
765 283 800 317 in
826 284 1002 319 sententiis
1024 286 1147 331 gravis.
1199 287 1314 327 Quum
1344 288 1519 333 politiores
1543 291 1634 325 litor-

213 360 251 382 as
276 348 451 394 utriusque
475 348 620 393 linguae,
647 352 682 381 et
707 347 846 393 poeseos
869 348 1014 382 studium
1037 361 1163 395 magna
1189 350 1316 396 ingenii
1343 352 1549 387 dexteritate
1576 366 1632 387 ex-

212 411 375 451 coluiffet,
394 410 644 457 perscrutandis
666 411 789 446 divinis
811 411 919 446 literis
941 412 1108 458 reliquam
1134 419 1284 449 aetatem
1308 420 1343 450 et
1366 428 1505 461 operam
1529 418 1630 451 dedit,

213 477 251 510 In
279 476 331 510 his
357 487 424 509 non
454 475 632 521 vulgarem
657 475 850 520 profeefflm
884 475 1091 515 consecutus,
1118 478 1271 523 probatis
1296 479 1448 513 moribus
1478 485 1511 513 et
1544 481 1631 514 vita<¹

212 540 409 586 integritate
435 539 526 586 apud
551 539 702 573 eruditos
731 544 765 574 et
792 539 865 585 pios
893 539 1042 585 quosque
1069 552 1229 586 magnam
1260 541 1308 575 sui
1340 542 1486 576 nominis
1513 555 1629 577 vener-

208 603 357 637 ationem
386 602 586 649 promeruit.
638 603 700 636 Vir
732 603 817 649 pius‚
846 603 977 643 doetus,
1005 604 1127 649 gravis,
1156 605 1334 644 modestus,
1363 611 1397 640 et
1423 607 1629 641 auetoritati-

210 667 340 713 plenus,
374 667 524 713 prudens
557 672 592 701 et
626 667 795 706 cordatus,
830 672 971 712 propter
1005 667 1166 713 quasdam
1197 668 1272 703 suas
1306 669 1450 715 insignes
1484 676 1627 706 naturae

210 731 306 765 dotes
332 736 432 776 aptus
455 731 498 765 ad
524 731 721 777 regendum,
746 729 802 764 sed
825 735 966 775 propter
992 731 1117 765 mentis
1145 743 1298 771 acumen,
1331 732 1413 766 felix
1441 733 1625 779 ingenium.

209 800 243 828 et
273 794 477 840 propensum
504 794 548 828 ad
576 795 683 828 bonas
712 799 804 828 artes
831 793 993 834 animum,
1028 794 1138 828 multo
1171 796 1281 841 magis
1310 796 1452 831 idoneus
1486 798 1528 831 ad
1562 798 1626 832 stu-

209 857 367 891 dendum.
435 857 578 891 Addidit
616 857 767 891 stimulos
801 861 835 890 et
870 856 961 902 quafi
994 863 1191 892 currentem
1225 859 1380 894 incitavit
1414 862 1457 895 ad
1491 862 1624 896 cursum

208 921 350 956 Carolus
384 921 579 967 imperator,
608 921 666 966 qui
697 921 845 955 Galliam
880 932 948 954 non
978 921 1091 956 minus
1120 922 1229 957 literis
1263 935 1366 969 quam
1400 925 1504 958 armis
1535 925 1623 958 illus-

207 991 299 1020 trare
326 985 495 1031 cupiebat,
530 984 737 1030 reipublicae
772 983 945 1018 literariae
978 985 1181 1030 praefidium
1212 987 1388 1033 singulare,
1420 1000 1535 1022 rarum
1567 990 1622 1022 de-

206 1061 266 1083 cus
295 1054 329 1084 et
358 1054 608 1083 ornamentum.
660 1048 801 1081 Nullum
832 1047 938 1093 igitur
968 1060 1036 1082 non
1065 1049 1174 1084 movit
1204 1050 1353 1096 lapidem
1382 1057 1419 1086 ut
1449 1052 1621 1086 beneficiis

206 1113 294 1148 tanti
327 1112 472 1158 patroni,
507 1112 621 1158 quoad
663 1111 779 1158 poffet‚
820 1111 1049 1157 responderet,
1091 1112 1228 1159 ejusque
1262 1115 1495 1160 expectationi
1528 1115 1621 1150 satis-

204 1177 341 1211 faceret.
409 1176 474 1210 Hic
508 1175 671 1210 Claudius
705 1175 762 1209 ille
796 1180 879 1214 erat,
921 1174 980 1220 qui
1019 1175 1054 1209 in
1087 1176 1162 1210 foro
1196 1177 1353 1212 Lutetiae
1392 1177 1619 1213 eruditionem

204 1240 362 1275 omnibus
387 1240 542 1274 venalem
567 1238 752 1285 proposuit,
778 1238 932 1284 nihilque
961 1238 1128 1273 mercedis
1157 1239 1231 1274 loco
1260 1245 1399 1286 praeter
1425 1241 1556 1276 victum
1585 1248 1618 1276 et

205 1304 310 1339 vestes
343 1303 542 1350 repoposcit.
605 1303 727 1337 Sanxit
760 1302 839 1336 inde
867 1302 1010 1337 Carolus
1042 1314 1113 1342 reX‚
1148 1308 1187 1338 ut
1222 1303 1381 1350 deinceps
1412 1304 1616 1350 linguarum,

204 1367 445 1414 philosophiae,
472 1379 511 1402 ac
536 1367 730 1413 theologiae
756 1366 966 1413 gymnasium
993 1365 1063 1400 illic
1092 1366 1249 1402 Lutetiae
1275 1366 1366 1407 esset,
1393 1372 1428 1402 et
1453 1373 1492 1402 ut
1518 1369 1617 1403 Clau-

203 1432 278 1467 dius
305 1432 340 1466 in
366 1443 407 1466 eo
434 1430 682 1477 praeleetiones
710 1430 884 1476 inciperet.
939 1429 1057 1464 Edidit
1084 1430 1175 1465 inter
1200 1431 1267 1465 alia
1292 1431 1469 1466 doctrinae
1496 1444 1616 1467 monu-

202 1501 327 1535 menta,
345 1495 389 1530 ad
406 1494 631 1530 Christianam
649 1494 850 1540 religionem
867 1493 1083 1539 pertinentia,

345 1558 618 1594 Commentarios
636 1557 671 1592 in
689 1557 914 1597 Matthaeum‚
933 1556 990 1591 lib.
1008 1567 1062 1591 111.

344 1624 384 1657 In
403 1622 686 1662 Pentateuchum‚
705 1621 761 1656 lib.
779 1631 815 1654 v.

340 1686 382 1720 In
399 1685 522 1732 Capita
537 1685 711 1725 Judicum,
729 1685 786 1719 lib.
805 1695 828 1719 Ι.

343 1749 640 1784 Enarrationes-in
658 1748 764 1788 Ruth,
782 1747 840 1782 lib.
858 1757 881 1780 1.

343 1813 454 1859 Super
470 1812 683 1851 Psalterium,
702 1812 758 1846 lib.
778 1822 801 1845 1.

342 1878 383 1912 In
400 1889 518 1912 omnes
535 1877 700 1923 Epistolas
717 1876 826 1916 Pauli,
845 1875 901 1910 lib.
920 1884 998 1908 XIV.

340 1942 382 1976 In
399 1941 692 1988 Evangelistarum
709 1939 945 1978 Concordiam,
963 1937 1020 1972 lib.
1039 1947 1063 1971 Ι.

338 2005 539 2040 Memoriale
557 2005 791 2045 Historiarum,
808 2004 866 2039 lib.
883 2013 907 2038 1.

339 2069 516 2104 Summam
534 2069 715 2115 quandam,
733 2069 790 2104 lib.
808 2077 832 2102 1.

336 2133 503 2168 Homilias
521 2145 667 2179 quoque,
685 2133 743 2167 lib.
761 2143 784 2166 1.

191 2197 323 2233 Claruit
364 2210 453 2233 anno
494 2197 684 2233 communis
725 2196 842 2232 salutis
875 2196 955 2240 796,
997 2198 1079 2233 dum
1121 2197 1247 2234 Scotici
1288 2200 1385 2246 regni
1428 2201 1598 2248 sceptrum
