1913 2692
254 221 314 250 102
648 222 709 252 DE
745 223 1077 254 SCRIPTORIBUS
1112 224 1273 254 SCOTIS.

254 322 316 355 per
345 311 516 358 episcopos
544 312 811 348 Wintoniensein
842 319 877 348 et
907 314 1164 351 Londinensem,
1192 327 1270 349 culn
1303 315 1382 349 fidei
1412 314 1490 349 suae
1520 316 1661 355 ratione,

254 374 385 409 Jacobo
412 375 542 416 Quinto
568 376 603 409 in
621 376 737 411 Scotia
753 382 927 422 regnante.

670 518 732 552 DE
758 518 939 553 DAVIDE
965 520 1253 555 CAMPBELLO.

257 629 383 663 DAvn)
422 630 721 669 CAMPUSBELLUS,
761 630 927 676 praeclari
959 631 1096 676 generis
1136 631 1267 671 Scotus‚
1305 643 1348 665 ex
1388 632 1667 668 nobilillimoruxn

256 692 425 738 Argadiae
473 693 638 727 comitum
684 693 878 739 pervetusta
928 694 1058 729 familia
1108 700 1212 735 ortus,
1268 694 1458 730 Parifienfis
1509 695 1667 732 ecclesiae

256 756 422 790 Decanus.
484 757 550 791 Hic
579 757 613 791 in
637 757 781 803 juvenili
811 763 925 792 aetate
952 758 1081 793 scholas
1110 758 1264 804 publicas
1289 758 1509 804 frequentare
1536 760 1669 805 coepit3

254 820 367 865 postea
397 833 417 854 a
450 821 650 866 parentibus
678 822 721 856 ad
751 822 1079 868 Andreapolitanam
1113 822 1335 857 Academiam
1366 821 1490 863 miffus,
1525 823 1670 869 philoso-

255 884 370 930 phiam
399 890 434 919 et
461 891 554 919 artes
584 885 741 920 liberales
767 885 914 920 feliciter
941 886 1123 920 inchoavit.
1187 885 1336 920 Demum
1366 886 1544 921 excolendi
1575 898 1670 921 men-

254 954 326 982 tem
353 949 450 983 bonis
476 949 591 983 studiis
616 947 853 995 eupidiffimus,
880 949 1001 984 rehem
1028 948 1087 984 sua
1111 949 1232 995 patria,
1258 948 1509 984 florentiffimas
1537 950 1669 985 Galliae

255 1011 489 1047 universitates
508 1013 770 1058 frequentabat:
806 1013 838 1046 in
864 1012 1037 1047 Parisienfi
1062 1018 1178 1047 autem
1197 1013 1383 1048 Academia
1402 1013 1451 1048 ita
1471 1014 1515 1048 ad
1537 1014 1670 1049 Fanum

255 1075 405 1110 Victoris
439 1076 529 1110 inter
561 1076 812 1110 commilitones
851 1076 926 1111 suos
960 1076 1108 1115 emicuit,
1143 1082 1181 1111 ut
1215 1077 1250 1111 iu
1286 1089 1411 1124 magna
1444 1078 1545 1113 laude
1579 1079 1669 1124 apud

255 1138 489 1174 ecclesiasticos
518 1138 719 1174 Parifienses
741 1140 936 1180 haberetur,
967 1139 1001 1174 in
1029 1140 1218 1186 eademque
1244 1141 1419 1176 academia
1443 1142 1486 1176 ad
1514 1142 1670 1177 diacona-

254 1208 328 1237 tum
362 1201 400 1236 fit
434 1204 574 1237 evectus
615 1202 753 1249 publico
791 1203 945 1238 omnium
979 1203 1145 1250 suffragio.
1216 1204 1355 1250 Opibus,
1398 1205 1595 1245 honoribus,
1636 1212 1669 1240 et

255 1266 436 1301 doctorum
467 1266 621 1301 omnium
650 1266 801 1302 amicitia
829 1267 965 1302 abunde
993 1268 1243 1302 cumulabatur.
1312 1268 1445 1304 Deinde
1478 1270 1590 1304 faetus
1625 1271 1670 1305 est

255 1331 358 1365 etiam
399 1330 555 1365 eccleliae
596 1330 745 1365 Hustacii
793 1330 976 1377 prelbyter.
1035 1331 1098 1366 Vir
1132 1332 1288 1366 eruditus
1325 1338 1360 1367 et
1398 1332 1551 1373 disertus,
1594 1334 1670 1380 pius

254 1394 367 1431 etiam„
399 1399 433 1428 et
463 1394 597 1429 divinae
627 1394 756 1440 gloriae
782 1394 917 1429 fervens
946 1395 1045 1435 zelo;
1075 1395 1296 1430 concionator
1322 1396 1469 1442 denique
1498 1397 1557 1432 suo
1585 1403 1671 1432 tem-

256 1469 336 1503 pore
379 1470 446 1492 non
495 1457 683 1497 incelebris,
732 1458 784 1492 vir
828 1458 930 1504 lepidi
973 1464 1009 1494 et
1051 1459 1217 1505 elegantis
1262 1460 1400 1506 ingenii.
1470 1461 1669 1496 Politiorem

254 1521 468 1555 literaturam
503 1521 648 1555 feliciter
681 1520 809 1561 didicit,
847 1527 881 1556 et
912 1527 1107 1556 accuratam
1141 1523 1252 1557 Latini
1287 1523 1451 1558 sermonis
1486 1524 1668 1563 scientiam,

254 1585 437 1619 accedente
471 1585 514 1619 ad
547 1584 853 1630 promptitudinem
891 1586 1083 1620 naturalem
1122 1586 1238 1620 labore
1273 1592 1308 1622 et
1341 1587 1512 1628 industria,
1556 1589 1668 1623 conse-

255 1654 354 1683 cutus
376 1648 430 1684 est,
455 1648 504 1683 rei
534 1648 705 1683 literariae
729 1649 840 1683 cultor
864 1648 1112 1689 exa&iffi1nus;
1138 1662 1240 1695 quem
1267 1656 1396 1696 quanto
1420 1652 1668 1687 excellentiori-

255 1714 317 1746 bus
343 1718 377 1747 et
403 1712 685 1747 eminentioribus
706 1712 845 1747 fortuna
871 1713 1095 1759 dignitatibus
1119 1714 1242 1752 evexit,
1270 1719 1368 1749 tanto
1394 1720 1517 1750 natura
1543 1716 1666 1751 nobili-

255 1777 370 1811 oribus
397 1777 570 1811 decoravit
600 1776 705 1811 animi
735 1777 880 1811 dotibus.
933 1776 998 1811 Hic
1023 1789 1146 1823 nempe
1171 1779 1296 1813 cuncta
1327 1778 1430 1813 etiam
1463 1779 1668 1826 dignitatum

255 1839 433 1875 clarissima
466 1840 596 1886 fastigia
638 1840 708 1875 otio
750 1840 902 1875 literario
939 1846 973 1874 et
1006 1853 1121 1876 rerum
1161 1841 1333 1888 exquisitis
1372 1843 1504 1878 naturis
1540 1843 1670 1890 semper

255 1904 446 1950 postposuit.
499 1905 540 1939 In
574 1904 697 1939 divinis
732 1904 917 1950 Scripturis
952 1905 1115 1944 eruditus,
1151 1910 1185 1939 et
1219 1911 1290 1940 tam
1328 1906 1363 1941 in
1392 1907 1472 1952 jure
1508 1907 1669 1942 canonico

256 1980 358 2014 quam
394 1968 429 2002 in
458 1967 671 2014 philosophia
700 1968 892 2003 scholastica
926 1969 1087 2004 nobiliter
1120 1969 1251 2009 doctus,
1287 1969 1423 2016 ingenio
1457 1970 1596 2010 subtilis,
1635 1976 1668 2005 et

256 2031 366 2065 clarus
408 2031 554 2076 eloquio,
597 2031 632 2064 in
674 2031 904 2065 declamandis
946 2031 1156 2067 sermonibus
1188 2032 1231 2067 ad
1264 2033 1428 2079 populum
1471 2033 1594 2068 doetus
1636 2039 1669 2068 et

254 2095 428 2131 facundus,
472 2095 542 2129 vita
587 2100 622 2129 et
670 2094 923 2129 conversatione
964 2095 1109 2142 insignis,
1152 2096 1393 2142 luperstitiosos
1435 2098 1532 2132 deme
1571 2098 1666 2132 ritus.

257 2157 373 2192 Edidit
400 2170 543 2204 magnae
576 2157 766 2193 devotionis
793 2162 828 2192 et
855 2159 1044 2204 profundae
1071 2160 1272 2194 eruditionis
1302 2160 1461 2206 opuscula
1491 2161 1667 2206 quaedam,

256 2221 378 2267 quibus
410 2234 533 2256 nomen
568 2222 667 2257 suum
697 2222 839 2268 posteris
873 2223 1087 2263 notificavit;
1118 2236 1136 2257 e
1168 2223 1290 2269 quibus
1322 2224 1474 2269 subjecta
1502 2224 1667 2259 feruntur.

257 2284 310 2318 Ex
329 2284 488 2319 Gesnero.
